@Book{knuth:84,
  author = 	 {Donald E. Knuth},
  title = 	 {The {\TeX} Book},
  publisher = 	 {Addison-Wesley},
  year = 	 {1984},
  edition = 	 {15th}
}

@InCollection{boulic:91,
  author = 	 {R. Boulic and O. Renault},
  title = 	 {3D Hierarchies for Animation},
  booktitle = 	 {New Trends in Animation and Visualization},
  publisher =    {John Wiley {\&} Sons ltd.},
  year = 	 {1991},
  editor = 	 {Nadia Magnenat-Thalmann and Daniel Thalmann}
}
@article{KAPITSAKI20091244,
title = "Model-driven development of composite context-aware web applications",
journal = "Information and Software Technology",
volume = "51",
number = "8",
pages = "1244 - 1260",
year = "2009",
issn = "0950-5849",
doi = "https://doi.org/10.1016/j.infsof.2009.03.002",
url = "http://www.sciencedirect.com/science/article/pii/S0950584909000354",
author = "Georgia M. Kapitsaki and Dimitrios A. Kateros and George N. Prezerakos and Iakovos S. Venieris",
keywords = "Context, Context-awareness, Model-Driven Architecture, Web services"
}
@article{sadat2008language,
  title={A language for high-level description of adaptive web systems},
  author={Sadat-Mohtasham, S Hossein and Ghorbani, Ali A},
  journal={Journal of Systems and Software},
  volume={81},
  number={7},
  pages={1196--1217},
  year={2008},
  publisher={Elsevier}
}


@InCollection{smith:99,
  author = 	 {A. Smith and B. Jones},
  title = 	 {On the Complexity of Computing},
  booktitle = 	 {Advances in Computer Science},
  pages = 	 {555--566},
  publisher =    {Publishing Press},
  year = 	 {1999},
  editor = 	 {A. B. Smith-Jones}
}


% ras_fomda.bib


@MISC{Acceleo13,
    title = {Acceleo MDA Generator. Av. at <http://www.acceleo.org>},
    year = {2013},
    key = {Acceleo},
    url = {http://www.acceleo.org/pages/welcome/en}
}

@inproceedings{Aho09,
    author = {Pekka Aho and Matti M\"{a}ki and Daniel Pakkala and Eila Ovaska},
    title = {MDA-based tool chain for web services development},
    booktitle = {4th Workshop on Emerging Web Services Technology},
    series = {WEWST '09},
    year = {2009},
    isbn = {978-1-60558-776-9},
    location = {Eindhoven, The Netherlands},
    pages = {11-18},
    doi = {10.1145/1645406.1645409}
}

@INPROCEEDINGS {Almeida05,
    author={Joao Paulo Almeida and Remco Dijkman and Marten Sinderen and Lu\'is Ferreira Pires},
    year={2005},
    isbn={978-3-540-28240-2},
    booktitle={Model Driven Architecture},
    volume={3599},
    series={Lecture Notes in Computer Science},
    doi={10.1007/11538097_12},
    title={Platform-Independent Modelling in MDA: Supporting Abstract Platforms},
    publisher={Springer Berlin Heidelberg},
    pages={174-188}
}


@MISC{AMS14,
	title = {Asset Management Specification. Av. at <http://open-services.net/wiki/asset-management/OSLC-Asset-Management-2.0-Specification/>},
    year = {2014},
		key={AMS, 2014}
}%,    url = {http://open-services.net/wiki/asset-management/OSLC-Asset-Management-2.0-Specification/}

@ARTICLE{Antkiewicz09,
    author={M. Antkiewicz and K. Czarnecki and M. Stephan},
    journal={Software Engineering, IEEE Transactions on},
    title={Engineering of Framework-Specific Modeling Languages},
    year={2009},
    volume={35},
    number={6},
    pages={795-824},
    doi={10.1109/TSE.2009.30},
    ISSN={0098-5589}
}

@BOOK{Ant13,
	author={James Fuller},
    title = {Apache Ant Recipes for Web Developers},
    year = {2010},
    publisher = {FastPencil, Inc}
}


@INPROCEEDINGS{Aquino10,
    author = {Nathalie Aquino and Jean Vanderdonckt and Oscar Pastor},
    title = {Transformation templates: adding flexibility to model-driven engineering of user interfaces},
    booktitle = {2010 ACM Symposium on Applied Computing},
    series = {SAC '10},
    year = {2010},
    isbn = {978-1-60558-639-7},
    location = {Sierre, Switzerland},
    pages = {1195-1202},
    doi = {10.1145/1774088.1774340}
}

@MISC{Aranda09,
    title = {{J. Aranda. Against SEMAT. Available at:} http://catenary.wordpress.com/ 2009/11/29/against-semat/ [accessed 28th Jan 2014]},
    year = {2009},
    key = {Aranda J. (2009)},
    url = {http://catenary.wordpress.com/2009/11/29/against-semat/}
}


@INPROCEEDINGS{Asztalos11,
    author={Mark Asztalos and Eugene Syriani and Manuel Wimmer and Marouane Kessentini},
    year={2011},
    isbn={978-3-642-21209-3},
    booktitle={Models in Software Engineering},
    volume={6627},
    series={Lecture Notes in Computer Science},
    editor={Dingel, Juergen and Solberg, Arnor},
    title={Simplifying Model Transformation Chains by Rule Composition},
    publisher={Springer Berlin Heidelberg},
    pages={293-307}
}%    doi={10.1007/978-3-642-21210-9_28},

@BOOK{Atkinson01,
	author={Colin Atkinson and Joachim Bayer and Christian Bunse and Erik Kamsties and Oliver Laitenberger and Roland Laqua and Dirk Muthig and Barbara Peach and Jurgen Wust and Jorg Zettel},
    title = {Component-Based Product Line Engineering with UML},
    year = {2001},
    publisher = {Addison-Wesley Professional (1 edition)}
}

@INPROCEEDINGS {Aranega12,
 author = {Vincent Aranega and Anne Etien and Sebastien Mosser},
 title = {Using Feature Model to Build Model Transformation Chains},
 booktitle = {15th International Conference on Model Driven Engineering Languages and Systems},
 series = {MODELS'12},
 year = {2012},
 pages = {562--578}
}
%location = {Innsbruck, Austria},
 
 %publisher = {Springer-Verlag},
 %address = {Berlin, Heidelberg}, 
%    author       = {V. Aranega and A. Etien and S. Mosser},
%    title        = {Using Feature Models to Tame the Complexity of Model Transformation Engineering},
%    booktitle    = {ACM/IEEE 15th International Conference on Model Driven Engineering Languages and Systems MODELS 2012},
%    pages        = { - },
 %   year         = {2012},
%	location     = {Innsbruck, Austria},
%    url          = {http://www.lifl.fr/~etien/Publies/models12.pdf}
%}

@INPROCEEDINGS{Azanza10,
    author={Maider Azanza and Don Batory and Oscar D\'iaz and Salvador Trujillo},
    year={2010},
    isbn={978-3-642-13687-0},
    booktitle={3rd International Conference on Model Transformations (ICMT 2010)},
    title={Domain-Specific Composition of Model Deltas},
    pages={16-30}
}%doi={10.1007/978-3-642-13688-7_2},

@INPROCEEDINGS {Baixauli05,
    author       = {Bruno Gonz\'alez-Baixauli and Miguel A. Laguna},
    title        = {MDA e Ingenier\'{\i}a de Requisitos para L\'{\i}neas de Producto},
    booktitle    = {JISBD 05 II Taller sobre Desarrollo de Software Dirigido por Modelos, MDA y Aplicaciones (DSDM 05)},
    pages        = {11-20},
    year         = {2005},
    url          = {http://www.giro.infor.uva.es/Publications/2005/GL05}
}


@INPROCEEDINGS {Balogh06,
	author = {Andr{\'a}s Balogh and D{\'a}niel Varr{\'o}},
	title = {Pattern Composition in Graph Transformation Rules},
	booktitle = {European Workshop on Composition of Model Transformations},
	year = {2006},
	month = {July},
	pages={31-37},
	url = {http://www.mit.bme.hu/~varro/publication/2006/cmt2006_bv.pdf}
}



@INPROCEEDINGS{Batory13SLE,
    author={Don Batory and R. Goncalves and B. Marker and J. Siegmund},
    booktitle={Invited Speaker at Software Language Engineering},
    series={SLE'13},
    title={Dark Knowledge and Graph Grammars in Automated Software Design},
    year={2013},
    pages={1-18},
    url={http://www.cs.utexas.edu/ftp/predator/13SLE.pdf}
}%DOI={10.1145/2517208.2517218}  (SLE), Indianapolis, USA, October 27-28 2013.


@INPROCEEDINGS{Batory13MODELS,
author={Don Batory and Eric Latimer and Maider Azanza},
year={2013},
doi={10.1007/978-3-642-41533-3_8},
title={Teaching Model Driven Engineering from a Relational Database Perspective},
pages={121-137},
booktitle = {16th International Conference on Model Driven Engineering Languages and Systems},
series = {MODELS'13}
}


@BOOK{Bayern02,
    author = {Shawn Bayern},
    title = {JSTL in Action},
    publisher = {Manning Publications},
    year = {2002}
}

@article{Benavides10,
    author = {David Benavides and Sergio Segura and Antonio Ruiz-Cort{\'e}s},
    title = {Automated analysis of feature models 20 years later: A literature review},
    journal = {Inf. Syst.},
    issue_date = {September, 2010},
    volume = {35},
    number = {6},
    month = sep,
    year = {2010},
    issn = {0306-4379},
    pages = {615-636},
    doi = {10.1016/j.is.2010.01.001},
    publisher = {Elsevier Science Ltd.}
}

@INPROCEEDINGS{Becker02,
    author={L.B. Becker and R.H. Holtz and C.E. Pereira},
    booktitle={Object-Oriented Real-Time Distributed Computing, 2002. (ISORC 2002).},
    title={On mapping RT-UML specifications to RT-Java API: bridging the gap},
    year={2002},
    pages={348-355},
    doi={10.1109/ISORC.2002.1003772}
}

@inproceedings{Berger13,
    author = {Thorsten Berger and Ralf Rublack and Divya Nair and Joanne M. Atlee and Martin Becker and Krzysztof Czarnecki and Andrzej W\k{a}sowski},
    title = {A survey of variability modeling in industrial practice},
    booktitle = {Seventh International Workshop on Variability Modelling of Software-intensive Systems},
    series = {VaMoS '13},
    year = {2013},
    doi = {10.1145/2430502.2430513},
    pages = {1-7}
}

@INPROCEEDINGS{Bezivin04,
    author = {Jean B{\'e}zivin and Slimane Hammoudi and Denivaldo Lopes and Fr{\'e}d{\'e}ric Jouault},
    title = {Applying {MDA} Approach for Web Service Platform},
    booktitle = {Enterprise Distributed Object Computing Conference},
    year = {2004},
    pages = {58-70},
    doi = {10.1109/EDOC.2004.10019}
}

@ARTICLE{Bezivin05,
    author = {Jean B{\'e}zivin},
    title = {On the unification power of models},
    journal = {Software and System Modeling},
    year = {2005},
    volume = {4},
    pages = {171-188},
    number = {2},
    doi = {10.1007/s10270-005-0079-0}
}


@INPROCEEDINGS{Biehl11,
    author = {Matthias Biehl and Jad El-Khoury and Fr\'ed\'eric Loiret and Martin T{\"o}rngren},
    booktitle = {4th Workshop on Model-Driven Tool \& Process Integration (MDTPI)},
    title = {A Domain Specific Language for Generating Tool Integration Solutions},
    year = {2011}
}

@BOOK{Bibeault10,
    author = {Bear Bibeault and Yehuda Katz},
    title = {Dojo: The Definitive Guide},
    publisher = {Manning Publications; Second Edition edition},
    year = {2010}
}

@inproceedings{Biehl12,
    author = {Matthias Biehl and Jad El-Khoury and Martin T{\"o}rngren},
    title = {High-Level Specification and Code Generation for Service-Oriented Tool Adapters},
    booktitle = {2012 12th International Conference on Computational Science and Its Applications},
    series = {ICCSA '12},
    year = {2012},
    isbn = {978-0-7695-4710-7},
    pages = {35-42},
    doi = {10.1109/ICCSA.2012.16}
}

@MISC{Bizagi13,
    title = {Bizagi BPM web page. Av. at <http://www.bizagi.com/>},
    year = {2013},
    key = {Bizagi},
    url = {http://www.bizagi.com/}
}

@MASTERSTHESIS{Blankenhorn04,
    author = {Blankenhorn, Kai},
    title = {A UML Profile for GUI Layout},
    publisher = {Universisty of Applied Sciences Furtwangen. Department of Digital Media},
    year = {2004},
    url={http://www.bitfolge.de/pubs/thesis/}
}


@INPROCEEDINGS{Boas05,
    author = {Ghica van Boas},
    booktitle = {2nd OOPSLA Workshop on Generative Techniques in the context of Model Driven Architecture},
    title = {From the Workfloor: Developing Workflow for the Generative Model Transformer},
    year = {2005}
}


@BOOK{Boch05,
    author = {Grady Booch and James Rumbaugh and Ivar Jacobson},
    title = {The Unified Modeling Language User Guide (2nd Edition)},
    publisher = {Addison-Wesley},
    year = {2005}
}

@MISC{Brecho,
    title = {Brech�-VCM Project. Available at: <http://reuse.cos.ufrj.br/brecho/>. Access on May. 2010.},
    year = {2010},
    key = {Brecho},
    url = {http://reuse.cos.ufrj.br/brecho/}
}

@INPROCEEDINGS{Boehm06,
 author = {Boehm, Barry},
 title = {A View of 20th and 21st Century Software Engineering},
 booktitle = {28th International Conference on Software Engineering},
 series = {ICSE '06},
 year = {2006},
 location = {Shanghai, China},
 pages = {12--29},
 numpages = {18},
 doi = {10.1145/1134285.1134288}
} 

@ARTICLE{Brooks87,
    author = {F. P. Brooks},
    title = {No silver bullet: Essence and accidents of software engineering},
    journal = {IEEE Computer},
    volume = {20},
    number = {4},
    year = {1987},
    pages = {10-19}
}

@INPROCEEDINGS{Bruneliere10,
    year={2010},
    isbn={978-3-642-13594-1},
    booktitle={Modelling Foundations and Applications},
    volume={6138},
    series={Lecture Notes in Computer Science},
    title={Towards Model Driven Tool Interoperability: Bridging Eclipse and Microsoft Modeling Tools},
    publisher={Springer Berlin Heidelberg},
    author={Hugo Bruneli\`ere and Jordi Cabot and Cau\^e Clasen and Fr\'ed\'eric Jouault and Jean B\'ezivin},
    pages={32-47}
}
%    doi={10.1007/978-3-642-13595-8_5},


@BOOK{Burke06,
    author = {Bill Burke and Richard Monson-Haefel},
    title = {Enterprise JavaBeans 3.0: Developing Enterprise Java Components},
    publisher = {O'Reilly},
    year = {2006}
}


@MISC{BPMN13,
    title = {Object Management Group Business Process Model and Notation. At Sept 2013. Av. at <http://www.bpmn.org/> },
    year = {2013},
    key = {BPMN},
    url = {http://www.bpmn.org/}
}


@ARTICLE{Ceri00,
    author = {Stefano Ceri and Piero Fraternali and Aldo Bongio},
    title = {Web Modeling Language (WebML): a modeling language for designing Web sites},
    journal = {Computer Networks},
    volume = {33},
    number = {1-6},
    year = {2000},
    issn = {1389-1286},
    pages = {137-157},
    doi = {10.1016/S1389-1286(00)00040-2}
}

%incollection{Cirilo13,
%year={2013},
%booktitle={Safe and Secure Software Reuse},
%volume={7925},
%series={Lecture Notes in Computer Science},
%doi={10.1007/978-3-642-38977-1_12},
%title={Configurable Software Product Lines � Supporting Heterogeneous Configuration Knowledge},
%author={Elder Cirilo and Uir'a Kulesza and Alessandro Garcia and Don Cowan and Paulo Alencar and Carlos Lucena},
%pages={176-191}
%}

@INPROCEEDINGS{Cirilo13,
year={2013},
doi={10.1007/978-3-642-38977-1_12},
booktitle={International Conference on Software Reuse, ICSR 2013},
title={Configurable Software Product Lines \- Supporting Heterogeneous Configuration Knowledge},
author={Elder Cirilo and Uir'a Kulesza and Alessandro Garcia and Don Cowan and Paulo Alencar and Carlos Lucena},
pages={176-191}
}


@INPROCEEDINGS{Chessman13,
   author = {Chessman Corr\^ea and Toacy Oliveira and Cl'audia Werner},
   booktitle={25th International Conference on Software Engineering and Knowledge Engineering, SEKE 2013, Boston, USA, June 27-29 2013},
   title = {Towards Coupled Evolution of Metamodels, Models, Graph-Based Transformations and Traceability Links},
   year={2013},
   pages={721-726}
  
} %url="http://index.ksi.edu/conf/seke/2013/cr/243.pdf"


@INPROCEEDINGS{Czarnecki03,
   author = {Krzysztof Czarnecki and Simon Helsen},
   booktitle = {OOPSLA'03 Workshop on Generative Techniques in the Context of Model-Driven Architecture},
   title = {Classification of Model Transformation Approaches},
   year = {2003}
}

@INPROCEEDINGS{Czarnecki04,
    author = {Krzysztof Czarnecki},
    title = {Overview of generative software development},
    booktitle = {2004 international conference on Unconventional Programming Paradigms},
    series = {UPP'04},
    year = {2005},
    
    pages = {326-341}
}% isbn = {3-540-27884-2, 978-3-540-27884-9},
    % location = {Le Mont Saint Michel, France},
    % doi = {10.1007/11527800_25},

@ARTICLE{Davis04,
    author={F.D. Davis and V. Venkatesh},
    journal={IEEE Transactions on Engineering Management},
    title={Toward preprototype user acceptance testing of new information systems: implications for software project management},
    year={2004},
    volume={51},
    number={1},
    pages={31-46},
    doi={10.1109/TEM.2003.822468}
}

@INPROCEEDINGS{Dannecker10,
    author = {Lars Dannecker and Marius Feldmann and Tobias Nestler and Gerald H\''{u}bsch and Uwe Jugel and Klemens Muthmann},
    title = {Rapid development of composite applications using annotated web services},
    booktitle = {10th international conference on Current trends in web engineering},
    year = {2010},
    pages = {1-12}
}

@MISC{Drools14,
    title = {JBoss, Drools. At Sept 2014. Av. at <http://docs.jboss.org/drools/> },
    year = {2014},
    key = {Drools},
    url = {http://docs.jboss.org/drools/}
}



@ARTICLE{Dyba09,
author={Tore Dyba and T. Dingsoyr},
journal={Software, IEEE},
title={What Do We Know about Agile Software Development?},
year={2009},
volume={26},
number={5},
pages={6-9}
}%doi={10.1109/MS.2009.145}

@INPROCEEDINGS{Elaasar13,
    author = {Maged Elaasar and Adam Neal},
    title = {Integrating Modeling Tools in the Development Lifecycle with OSLC: A Case Study},
    booktitle = {16th International Conference on Model Driven Engineering Languages and Systems},
    series = {MODELS'13},
    year = {2013},
    
    pages = {154-169}
}% doi = {10.1007/978-3-642-41533-3_10},


@ARTICLE{Elkoutbi06,
    author = {Elkoutbi, Mohammed and Khriss, Isma\"{\i}l and Keller, Rudolf K.},
    title = {Automated Prototyping of User Interfaces Based on UML Scenarios},
    journal = {Automated Software Engg.},
    issue_date = {January   2006},
    volume = {13},
    number = {1},
    month = jan,
    year = {2006},
    issn = {0928-8910},
    pages = {5-40},
    numpages = {36},
    url = {http://dx.doi.org/10.1007/s10515-006-5465-5},
    doi = {10.1007/s10515-006-5465-5}
}


@BOOK{EclipseIDE,
	author = {David A. Turner and Jinseok Chae},
    title = {Java Web Programming with Eclipse},
    year = {2010},
    publisher = {CreateSpace Independent Publishing Platform}
}

@BOOK{EMF,
	author = {Dave Steinberg and Frank Budinsky and Marcelo Paternostro and Ed Merks},
    title = {EMF: Eclipse Modeling Framework (2nd Edition)},
    year = {2008},
    publisher = {Addison-Wesley Professional}
}


%BOOK{EMF13,
%	author = {Dave Steinberg and Frank Budinsky and Marcelo Paternostro and Ed Merks},
%    title = {EMF: Eclipse Modeling Framework (2nd Edition)},
%    year = {2008},
%    publisher = {Addison-Wesley Professional}
%}


@BOOK{EPF,
	author = {Per Kroll and Bruce MacIsaac},
    title = {Agility and Discipline Made Easy: Practices from OpenUP and RUP},
    year = {2006},
    publisher = {Addison-Wesley Professional}
}

@BOOK{Mylyn,
    author = {Ronald Cohn and Jesse Russell},
    title = {Mylyn},
    publisher = {VSD},
    year = {2012}
}

@BOOK{Eisenecker00,
    author = {Krysztof Czarnecki and Ulrich Eisenecker},
    title = {Generative Programming: Methods, Tools and Applications},
    publisher = {Addison Wesley},
    year = {2000}
}

@INPROCEEDINGS{Elgedawy09,
    author={I. Elgedawy},
    booktitle={Services - II, 2009. SERVICES-2 '09. World Conference on},
    title={Reusable SOA Assets Identification Using E-Business Patterns},
    year={2009},
    pages={33-40},
    doi={10.1109/SERVICES-2.2009.10}
}

@inproceedings{Elias06,
    author = {Gl\^{e}dson Elias and Michael Schuenck and Yuri Neg\'{o}cio and Jorge Dias Jr. and Sindolfo Miranda Filho},
    title = {X-ARM: an asset representation model for component repository systems},
    booktitle = {2006 ACM symposium on Applied computing},
    series = {SAC '06},
    year = {2006},
    isbn = {1-59593-108-2},
    location = {Dijon, France},
    pages = {1690-1694},
    doi = {10.1145/1141277.1141676}
}


@INPROCEEDINGS{Etien10,
    author = {Anne Etien and Alexis Muller and Thomas Legrand and Xavier Blanc},
    title = {Combining independent model transformations},
    booktitle = {2010 ACM Symposium on Applied Computing},
    series = {SAC '10},
    year = {2010},
    isbn = {978-1-60558-639-7},
    pages = {2237-2243},
    doi = {10.1145/1774088.1774557}
}

@inproceedings{Etien12,
    author = {Anne Etien and Vincent Aranega and Xavier Blanc and Richard F. Paige},
    title = {Chaining model transformations},
    booktitle = {First Workshop on the Analysis of Model Transformations},
    series = {AMT '12},
    year = {2012},
    isbn = {978-1-4503-1803-7},
    location = {Innsbruck, Austria},
    pages = {9-14},
    url = {http://doi.acm.org/10.1145/2432497.2432500},
    doi = {10.1145/2432497.2432500}
}


@BOOK{Evans04,
    author = {Eric Evans},
    title = {Domain-driven design: tackling complexity in the heart of software},
    publisher = {Addison Wesley},
    year = {2004}
}

@TECHREPORT{Falbo00,
    author = {Ricardo de Almeida Falbo and Ana Candida Cruz Natali and Paula Gomes Mian and Gleidson Bertollo and Fabiano Borges Ruy},
    title = {ODE: Ontology-based software Development Environment},
    institution = {Computer Science Department, Federal University of Esp\'irito Santo},
    year = {2000},
    url = {http://sedici.unlp.edu.ar/bitstream/handle/10915/22606/Documento_completo.pdf?sequence=1}
}



@Article{Fernandes08,
  author =     {Paula Fernandes and Cl\'audia Werner and Eld\^anae Teixeira},
  title =      {An Approach for Feature Modeling of Context-Aware Software Product Line},
  journal =    {Journal of Universal Computer Science},
  year =       {2011},
  volume =     {17},
  number =     {5},
  pages =      {807-829},
  date =       {2011-03-01},
  month =      {mar}
	}


@INPROCEEDINGS{Fernandes08old,
    author = {P. Fernandes and C. Werner and L. Murta},
    title = {Feature Modeling for Context-Aware Software Product Lines},
    booktitle = {International Conference on Software Engineering and Knowledge Engineering},
    year = {2008},
    pages = {758-763}
}%    series = {SEKE 2008},

@INPROCEEDINGS{France01,
    author = {Robert B. France and James M. Bieman},
    title = {Multi-View Software Evolution: A {UML}-based Framework for Evolving Object-Oriented Software},
    booktitle = {ICSM},
    year = {2001},
    pages = {386-395},
    doi = {10.1109/ICSM.2001.972751}
}

@INPROCEEDINGS{France07,
    author = {Robert B. France and Bernard Rumpe},
    title = {Model-driven Development of Complex Software: A Research Roadmap},
    booktitle = {2007 Future of Software Engineering},
    series = {FOSE '07},
    year = {2007},
    pages = {37-54},
    doi = {10.1109/FOSE.2007.14}
}

@incollection{France12,
	author={Vincent Aranega and Anne Etien and Sebastien Mosser},
	year={2012},
	isbn={978-3-642-33665-2},
	booktitle={Model Driven Engineering Languages and Systems},
	volume={7590},
	series={Lecture Notes in Computer Science},
	doi={10.1007/978-3-642-33666-9_36},
	title={Using Feature Model to Build Model Transformation Chains},
	url={http://dx.doi.org/10.1007/978-3-642-33666-9_36},
	publisher={Springer Berlin Heidelberg},
	pages={562-578}
}


@ARTICLE{Frantz12,
    author = {Rafael Zancan Frantz and Rafael Corchuelo},
    title = {Guaran\'a - Enterprise Application DSL and SDK Method \& Tools},
    journal = {Method \& Tools},
    year = {2012},
    volume = {20},
    pages = {59-64},
    number = {1}
}

@article{Gruhn02,
    author = {Volker Gruhn},
    title = {Process-Centered Software Engineering Environments, A Brief History and Future Challenges},
    journal = {Ann. Softw. Eng.},
    issue_date = {December 2002},
    volume = {14},
    number = {1-4},
    month = dec,
    year = {2002},
    issn = {1022-7091},
    pages = {363-382},
    doi = {10.1023/A:1020522111961}
}

@inproceedings{Guana13,
    author = {Victor Guana},
    title = {Supporting maintenance tasks on transformational code generation environments},
    booktitle = {2013 International Conference on Software Engineering},
    series = {ICSE '13},
    year = {2013},
    isbn = {978-1-4673-3076-3},
    location = {San Francisco, CA, USA},
    pages = {1369-1372},
    url = {http://dl.acm.org/citation.cfm?id=2486788.2487008}
}

@INPROCEEDINGS{Gurgel12,
author={A. Gurgel and F. Dantas and A. Garcia and C. Sant'Anna},
booktitle={Computer Software and Applications Conference (COMPSAC), 2012 IEEE 36th Annual},
title={Integrating Software Product Lines: A Study of Reuse versus Stability},
year={2012},
pages={89-98},
doi={10.1109/COMPSAC.2012.18}
}

@INPROCEEDINGS{Guy12,
    author={Cl\'ement Guy and Benoît Combemale and Steven Derrien and Jim Steel and Jean-Marc J\'ez\'equel},
    year={2012},
    booktitle={Modelling Foundations and Applications},
    doi={10.1007/978-3-642-31491-9_30},
    title={On Model Subtyping},
    pages={400-415},
		series={ECMFA 2012}
}

@INPROCEEDINGS{Hadji08,
    author={Hend Ben Hadji and Kim Su-Kyoung and Choi Ho-Jin},
    year={2008},
    booktitle={IEEE International Symposium on Service-Oriented System Engineering, SOSE '08},
    title={A Representation Model for Reusable Assets to Support User Context},
    pages={91-96}
}%doi={10.1007/3-540-28554-7_7},

@ARTICLE{Hailpern06,
    author = {Brent Hailpern and Perry L. Tarr},
    title = {Model-driven development: The good, the bad, and the ugly},
    journal = {IBM Systems Journal},
    year = {2006},
    volume = {45},
    pages = {451-462},
    number = {3},
    doi = {10.1147/sj.453.0451}
}


@INPROCEEDINGS{Hammouda05,
    year={2005},
    isbn={978-3-540-25613-7},
    booktitle={Model-Driven Software Development},
    editor={Beydeda, Sami and Book, Matthias and Gruhn, Volker},
    doi={10.1007/3-540-28554-7_7},
    title={A Tool Infrastructure for Model-Driven Development Using Aspectual Patterns},
    publisher={Springer Berlin Heidelberg},
    author={Imed Hammouda},
    pages={139-178}
}

@ARTICLE{Han08,
author={T. Han and S. Purao and V.C. Storey},
title={Generating large-scale repositories of reusable artifacts for conceptual design of information systems},
journal={Decision Support Systems},
year={2008},
volume={45},
number={4},
pages={665-680}
}

@INPROCEEDINGS{Han10,
    author = {Hao Han and Bo Liu},
    title = {Problems, solutions and new opportunities: using pagelet-based templates in development of flexible and extensible web applications},
    booktitle = {12th International Conference on Information Integration and Web-based Applications \& Services},
    series = {iiWAS'10},
    year = {2010},
    pages = {679-682},
    doi = {10.1145/1967486.1967594}
}

@INPROCEEDINGS{Haslinger13,
    author = {E.N. Haslinger and R.E. Lopez-Herrejon and A. Egyed},
    title = {Using feature model knowledge to speed up the generation of covering arrays},
    booktitle = {7th International Workshop on Variability Modeling of Software-Intensive Systems},
    series = {VaMoS 2013},
    year = {2013},
    pages = {89-94}
}

@INPROCEEDINGS{HongMin09,
    author={Ren Hong-min and Yan Zhi-ying and Zhang Jing-zhou},
    booktitle={Sixth International Conference on Fuzzy Systems and Knowledge Discovery, 2009. FSKD '09.},
    title={Design and Implementation of RAS-Based Open Source Software Repository},
    year={2009},
    volume={2},
    pages={219-223},
    doi={10.1109/FSKD.2009.778}
}

@INPROCEEDINGS{HongMin10,
    author={Ren Hong-min and Liu Jin and Zhang Jing-zhou},
    booktitle={IEEE International Conference on Software Engineering and Service Sciences (ICSESS), 16-18 July, 2010},
    title={Software asset repository open framework supporting customizable faceted classification},
    year={2010},
    pages={1-4}
}


@INPROCEEDINGS{Hummel08,
    author = {O. Hummel  and W. Janjic and C. Atkinson},
    title = {Code Conjurer: Pulling Reusable Software out of Thin Air},
    booktitle = {IEEE Software},
    series = {ICSE '11},
    year = {2011},
    isbn = {978-1-4503-0445-0},
    location = {Waikiki, Honolulu, HI, USA},
    pages = {471-480},
    doi = {10.1145/1985793.1985858}
}


@INPROCEEDINGS{Hutchinson11,
    author = {John Hutchinson and Jon Whittle and Mark Rouncefield and Steinar Kristoffersen},
    title = {Empirical assessment of MDE in industry},
    booktitle = {33rd International Conference on Software Engineering},
    series = {ICSE '11},
    year = {2011},
    isbn = {978-1-4503-0445-0},
    location = {Waikiki, Honolulu, HI, USA},
    pages = {471-480},
    doi = {10.1145/1985793.1985858}
}

@INPROCEEDINGS{Jacobson13,
    author={Ivar Jacobson},
    title={Creating your Reuse Method from Reusable Practices and a Method Kernel},
    booktitle={13th International Conference on Software Reuse, ICSR 2013, Pisa, June 18-20},
    year={2013},
    pages={1-2}
}

@MISC{Jira13,
    title = {Atlassian Jira web page. Av. at <https://www.atlassian.com/software/jira>},
    year = {2013},
    key = {Jira},
    url = {https://www.atlassian.com/software/jira}
}

@ARTICLE{Jesus11,
    author={Jes\'us S\'anchez Cuadrado and Esther Guerra and Juan Lara},
    year={2011},
    isbn={978-3-642-21731-9},
    booktitle={Theory and Practice of Model Transformations},
    volume={6707},
    series={Lecture Notes in Computer Science},
    editor={Cabot, Jordi and Visser, Eelco},
    doi={10.1007/978-3-642-21732-6_5},
    title={Generic Model Transformations: Write Once, Reuse Everywhere},
    publisher={Springer Berlin Heidelberg},
    pages={62-77}
}

@INPROCEEDINGS{Jones07,
    author = {William Jones and Jared Spool and Jonathan Grudin and Victoria Bellotti and Mary Czerwinski},
    title = {Get real!: what's wrong with hci prototyping and how can we fix it?},
    booktitle = {CHI'07 Extended Abstracts on Human Factors in Computing Systems},
    year = {2007},
    pages = {1913-1916},
    doi = {10.1145/1240866.1240922}
}

@ARTICLE{Johnson12,
author={P. Johnson and Mathias Ekstedt and I. Jacobson},
journal={Software, IEEE},
title={Where's the Theory for Software Engineering?},
year={2012},
volume={29},
number={5},
pages={96-96},
doi={10.1109/MS.2012.127}
}

@INPROCEEDINGS{Jouault06,
    author = {Fr{\'e}d{\'e}ric Jouault and Ivan Kurtev},
    title = {On the architectural alignment of ATL and QVT},
    booktitle = {2006 ACM symposium on Applied computing},
    series = {SAC '06},
    year = {2006},
    location = {Dijon, France},
    pages = {1188-1195},
    doi = {10.1145/1141277.1141561}
}

@ARTICLE{Jouault08,
  author = {Fr{\'e}d{\'e}ric Jouault and Freddy Allilaire and Jean B{\'e}zivin and Ivan Kurtev},
    title = {{ATL}: A model transformation tool},
    journal = {Sci. Comput. Program.},
    year = {2008},
    volume = {72},
    pages = {31-39},
    number = {1-2},
    doi = {10.1016/j.scico.2007.08.002}
}

@BOOK{Kang90,
	author = {Kyo Kang and Sholom Cohen and James Hess and William Novak and A. Peterson},
	title={Feature-Oriented Domain Analysis (FODA) Feasibility Study (CMU/SEI-90-TR-021 )},
	publisher={Software Engineering Institute, Carnegie Mellon University},
	year={1990},
	url={http://www.sei.cmu.edu/library/abstracts/reports/90tr021.cfm}
}

@ARTICLE{Kang98,
    author = {Kyo C. Kang and Sajoong Kim and Jaejoon Lee and Kijoo Kim and Euiseob Shin and Moonhang Huh},
    title = {FORM: A feature-oriented reuse method with domain-specific reference architectures},
    journal = {Ann. Softw. Eng.},
    issue_date = {1998},
    volume = {5},
    month = jan,
    year = {1998},
    issn = {1022-7091},
    pages = {143-168}
}

@INPROCEEDINGS{Kavaldjian07,
    author = {Sevan Kavaldjian},
    title = {A model-driven approach to generating user interfaces},
    booktitle = {The 6th Joint Meeting on European software engineering conference and the ACM SIGSOFT symposium on the foundations of software engineering: companion papers},
    year = {2007},
    pages = {603-606},
    doi = {10.1145/1295014.1295053}
}

@BOOK{Kelly08,
    author = {Steven Kelly and Juha-Pekka Tolvanen},
    title = {Domain Specific Modeling: Enabling Full Code Generation},
    publisher = {IEEE Computer Society - John Wiley \& Sons},
    year = {2008}
}


@INPROCEEDINGS{Kent02,
    author = {Stuart Kent},
    title = {Model Driven Engineering},
    booktitle = {Integrated Formal Methods},
    year = {2002},
    pages = {286-298},
    doi = {10.1007/3-540-47884-1_16}
}

@inproceedings{Kern09,
    address = {Enschede, Netherlands},
    author = {Heiko Kern and Stefan K{\"u}hne},
    booktitle = {2nd ECMDA Workshop on Model-Driven Tool \& Process Integration, 24 June 2009, at Fifth European Conference on Model-Driven Architecture Foundations and Applications 2009},
    title = {Integration of Microsoft Visio and Eclipse Modeling Framework Using M3-Level-Based Bridges},
    year = 2009
}

@inproceedings{Kim91,
    author = {Yongbeom Kim and Edward  A. Stohr},
    booktitle = {Center for Digital Economy Research; Stem School of Business; Working Paper Series. IS-9 1- 15. Available at <http://archive.nyu.edu/bitstream/2451/14370/1/IS-91-15.pdf>},
    title = {Software Reuse: Issues and Research Directions},
    url = {http://archive.nyu.edu/bitstream/2451/14370/1/IS-91-15.pdf},
    year = 1991
}

@inbook{Konemann09,
    title = {Difference-based Model Synchronization in an Industrial MDD Process},
    publisher = {Fraunhofer Institute for Open Communication Systems},
    author = {Patrick K{\"o}nemann and Ekkart Kindler and Ludger Unland},
    year = {2009},
    pages = {1-12},
    booktitle = {Second European Workshop on Model Driven Tool and Process Integration}
}

@INPROCEEDINGS{Kovse02,
    author = {Jernej Kovse and Theo H{\"a}rder},
    title = {Generic {XMI-Based} {UML} Model Transformations},
    booktitle = {Object Oriented Information Systems},
    year = {2002},
    pages = {192-198},
    doi = {10.1007/3-540-46102-7_24}
}

@PHDTHESIS{Kraus07,
    month = {July},
    title = {Model Driven Software Engineering for Web Applications. Av at <http://nbn-resolving.de/urn:nbn:de:bvb:19-79362>},
    author = {Andreas Kraus},
    publisher = {Ludwig-Maximilians-Universit{\"a}t M{\"u}nchen},
    year = {2007},
    url = {http://nbn-resolving.de/urn:nbn:de:bvb:19-79362}
}

@article{Krueger92,
    author = {Charles W. Krueger},
    title = {Software reuse},
    journal = {ACM Comput. Surv.},
    issue_date = {June 1992},
    volume = {24},
    number = {2},
    month = jun,
    year = {1992},
    pages = {131--183},
    doi = {10.1145/130844.130856}
}

@INPROCEEDINGS{Kurtev06,
    author = {Ivan Kurtev and Jean B{\'e}zivin and Fr{\'e}d{\'e}ric Jouault and Patrick	Valduriez},
    title = {Model-based {DSL} frameworks},
    booktitle = {OOPSLA Companion},
    year = {2006},
    pages = {602-616},
    doi = {10.1145/1176617.1176632}
}


@INPROCEEDINGS{Kuster09,
    author={Jochen M. K\"uster and Thomas Gschwind and Olaf Zimmermann},
    year={2009},
    isbn={978-3-642-04424-3},
    booktitle={Model Driven Engineering Languages and Systems},
    volume={5795},
    series={Lecture Notes in Computer Science},
    
    title={Incremental Development of Model Transformation Chains Using Automated Testing},
    pages={733-747}
}%doi={10.1007/978-3-642-04425-0_60},

@ARTICLE{Lami07,
    author = {Giuseppe Lami and Robert W. Ferguson},
    title = {An empirical study on the impact of automation on the requirements analysis process},
    journal = {J. Comput. Sci. Technol.},
    volume = {22},
    number = {3},
    year = {2007},
    pages = {338-347},
    doi = {10.1007/s11390-007-9045-3}
}

@INPROCEEDINGS{Landre07,
    author = {Einar Landre and Harald Wesenberg and Jorn Olmheim},
    title = {Agile enterprise software development using domain-driven design and test first},
    booktitle = {Companion to the 22nd ACM SIGPLAN conference on Object-oriented programming systems and applications companion},
    series = {OOPSLA '07},
    year = {2007},
    isbn = {978-1-59593-865-7},
    location = {Montreal, Quebec, Canada},
    pages = {983-993},
    doi = {10.1145/1297846.1297967}
}

@INPROCEEDINGS{Lahtinen06,
    author={S. Lahtinen and J. Peltonen and I. Hammouda and K. Koskimies},
    booktitle={Visual Languages and Human-Centric Computing, 2006. VL/HCC 2006. IEEE Symposium on},
    title={Guided Model Creation: A Task-Driven Approach},
    year={2006},
    pages={89-94},
    doi={10.1109/VLHCC.2006.25}
}

@ARTICLE{Linington05,
    author = {Peter F. Linington},
    title = {Automating support for e-business contracts},
    journal = {Int. J. Cooperative Inf. Syst.},
    year = {2005},
    volume = {14},
    pages = {77-98},
    number = {2-3},
    doi = {10.1142/S0218843005001122}
}

@inproceedings{Loniewski10,
    author = {Grzegorz Loniewski and Emilio Insfran and Silvia Abrahao},
    title = {A systematic review of the use of requirements engineering techniques in model-driven development},
    booktitle = {13th international conference on Model driven engineering languages and systems: Part II},
    series = {MODELS'10},
    year = {2010},
    pages = {213-227}
}


@BOOK{Lucas13,
    author = {Edson Lucas},
    title = {COLLABRDL: Uma Extens�o da RDL para Especifica��o de Processos de Reutiliza��o Colaborativos},
    publisher = {Disserta��o de M.Sc., COPPE/UFRJ, Rio de Janeiro, RJ, Brasil},
    year = {2013}
}

@BOOK{Mann05,
    author = {Kito Mann},
    title = {JavaServer Faces in Action},
    publisher = {Manning Publications},
    year = {2005}
}

@INPROCEEDINGS{Matinnejad12,
    author={R. Matinnejad and R. Ramsin},
    booktitle={Engineering of Computer Based Systems (ECBS)},
    title={An Analytical Review of Process-Centered Software Engineering Environments},
    year={2012},
    pages={64-73},
    doi={10.1109/ECBS.2012.11}
}%, 2012 IEEE 19th International Conference and Workshops on

@INPROCEEDINGS{Magalhaes11,
    author={A.P. Magalhaes and J.M.N. David and R.S.P. Maciel and B.C. Silva and F.A. da Silva},
    booktitle={Software Components, Architectures and Reuse (SBCARS), 2011 Fifth Brazilian Symposium on},
    title={Modden: An Integrated Approach for Model Driven Development and Software Product Line Processes},
    year={2011},
    pages={21-30},
    doi={10.1109/SBCARS.2011.15}
}


@BOOK{Maven13,
	author={Srirangan},
    title = {Apache Maven 3 Cookbook},
    year = {2011},
    publisher = {Packt Publishing}
}

@MISC{MARTE13Url,
    title = {OMG?: UML Profile for MARTE: Modeling and Analysis of Real-Time Embedded Systems, version 1.0. Av. at <www.omg.org/spec/MARTE/> },
    year = {2013},
    key = {MARTE},
    url = {www.omg.org/spec/MARTE/}
}

@TECHREPORT{MARTE13,
    author = {OMG},
    title = {UML Profile for MARTE: Modeling and Analysis of Real-Time Embedded Systems},
    institution = {Object Management Group},
    year = {2013},
    url = {www.omg.org/spec/MARTE/}
}

@MISC{MDA13,
	author={Anneke Kleppe and Jos Warmer and Wim Bast},
    title = {MDA Explained: The Model Driven Architecture: Practice and Promise },
    year = {2003},
    publisher = {Addison-Wesley Professional}
}

@MISC{MDArte13,
    title = {{MDArte} Wiki hosted as a MDA Brazilian Government Initiative for Public Software Repository. Av. at http://www.softwarepublico.gov.br/dotlrn/clubs/ mdarte/xowiki/},
    year = {2013},
    key = {MDArte},
    url = {http://www.softwarepublico.gov.br/dotlrn/clubs/mdarte/xowiki/}
}


@inproceedings{Mellegard10,
    author = {Melleg{\aa}rd, Niklas and Staron, Miroslaw},
    title = {Characterizing model usage in embedded software engineering: a case study},
    booktitle = {Fourth European Conference on Software Architecture: Companion Volume},
    series = {ECSA '10},
    year = {2010},
    pages = {245-252},
    doi = {10.1145/1842752.1842800}
}

@article{Mendonca10,
    author = {Marcilio Mendonca and Donald Cowan},
    title = {Decision-making coordination and efficient reasoning techniques for feature-based configuration},
    journal = {Science of Computer Programming},
    volume = {75},
    number = {5},
    pages = {311 - 332},
    year = {2010},
    issn = {0167-6423}
}%,    doi = {http://dx.doi.org/10.1016/j.scico.2009.12.004},    url = {http://www.sciencedirect.com/science/article/pii/S0167642309001713}

@ARTICLE{MensG06,
    author = {Tom Mens and Pieter Van Gorp},
    title = {A Taxonomy of Model Transformation},
    journal = {Electr. Notes Theor. Comput. Sci.},
    year = {2006},
    volume = {152},
    pages = {125-142},
    doi = {10.1016/j.entcs.2005.10.021}
}

@MISC{Minto13,
    title = {Minto, S. Support populating mylyn context programatically using public API. At March 2013. Av. at <https://bugs.eclipse.org/bugs/show\_bug.cgi?id=204495> },
    year = {2013},
    key = {Minto},
    url = {https://bugs.eclipse.org/bugs/show_bug.cgi?id=204495}
}

@MISC{MockupToME13,
	title = {MockupToME Project Description. Av. at http://prisma.cos.ufrj.br/wct/projects/mockuptome.html},
	year = {2013},
	key = {MockupToME},
	url = {http://prisma.cos.ufrj.br/wct/projects/mockuptome.html}
}

@MISC{MOFM2T08Url,
    title = {{MOF} Model to Text Transformation Language Version 1.0. Av at <http://www.omg.org/spec/MOFM2T08/1.0/>},
    year = {2008},
    key = {M2T, 08},
    url = {http://www.omg.org/spec/MOFM2T08/1.0/}
}

@TECHREPORT{MOFM2T08,
    author = {OMG},
    title = {{MOF} Model to Text Transformation Language Version 1.0},
    institution = {Object Management Group},
    year = {2008},
    url = {http://www.omg.org/spec/MOFM2T08/1.0/}
}


@ARTICLE{Mohagheghi13,
    author = {Parastoo Mohagheghi and Wasif Gilani and Alin Stefanescu and Miguel A. Fernandez and Bjørn Nordmoen and Mathias Fritzsche},
    title = {Where does model-driven engineering help? Experiences from three industrial cases.},
    journal = {Software \& Systems Modeling},
    issue_date = {July 2013},
    volume = {12},
    number = {3},
    month = {july},
    year = {2013},
    issn = {1619-1374},
    pages = {619-639},
    doi = {10.1007/s10270-011-0219-7}
}

@inproceedings{Nanda09,
    author = {Mangala Gowri Nanda and Senthil Mani and Vibha Singhal Sinha and Saurabh Sinha},
    title = {Demystifying model transformations: an approach based on automated rule inference},
    booktitle = {24th ACM SIGPLAN conference on Object oriented programming systems languages and applications},
    series = {OOPSLA '09},
    year = {2009},
    isbn = {978-1-60558-766-0},
    location = {Orlando, Florida, USA},
    pages = {341-360},
    doi = {10.1145/1640089.1640114}
}


@INPROCEEDINGS{Nunes06,
    author = {Demetrius A. Nunes and Daniel Schwabe},
    title = {Rapid prototyping of web applications combining domain specific languages and model driven design},
    booktitle = {6th international conference on Web engineering},
    year = {2006},
    pages = {153-160},
    doi = {10.1145/1145581.1145616}
}

@INPROCEEDINGS{Nunes10,
    author = {V. Nunes and C. Werner and F. Santoro},
    title = {Context-based Process Line},
    booktitle = {12th International Conference on Enterprise Information Systems (ICEIS), Funchal, Portugal, June 2010},
    year = {2010},
    pages = {277-282}
}


@INPROCEEDINGS{Pillat12,
    author={R.M. Pillat and T.C. Oliveira and F.L. Fonseca},
    booktitle={Software and System Process (ICSSP), 2012 International Conference on},
    title={Introducing Software Process Tailoring to BPMN: BPMNt},
    year={2012},
    pages={58-62},
    doi={10.1109/ICSSP.2012.6225981}
}



@INPROCEEDINGS{Oldevik05,
    author = {Jon Oldevik and Tor Neple and Roy Gr{o}nmo and Jan {O}yvind Aagedal and Arne-J{o}rgen Berre},
    title = {Toward Standardised Model to Text Transformations},
    booktitle = {European Conference on Model Driven Architecture},
    year = {2005},
    pages = {239-253},
    doi = {10.1007/11581741_18}
}

@article{Oliveira07,
 author = {Toacy C. Oliveira and Paulo S. C. Alencar and Carlos J. P. de Lucena and Donald D. Cowan},
 title = {RDL: A language for framework instantiation representation},
 journal = {J. Syst. Softw.},
 issue_date = {November, 2007},
 volume = {80},
 number = {11},
 month = nov,
 year = {2007},
 issn = {0164-1212},
 pages = {1902--1929},
 numpages = {28},
 doi = {10.1016/j.jss.2007.01.005}
}

@article{Oliveira11,
    author = {Toacy C. Oliveira and Paulo Alencar and Donald Cowan},
    title = {ReuseTool-An extensible tool support for object-oriented framework reuse},
    journal = {J. Syst. Softw.},
    issue_date = {December, 2011},
    volume = {84},
    number = {12},
    month = dec,
    year = {2011},
    issn = {0164-1212},
    pages = {2234-2252},
    doi = {10.1016/j.jss.2011.06.030}
}

@INPROCEEDINGS{Olsen06,
    author = {Garan K. Olsen and Jan Ayvind Aagedal and Jon Oldevik },
    title = {Aspects of Reusable Model Transformations},
    booktitle = {ECMDA Composition of Model Transformations Workshop},
    year = {2006},
    pages = {21-26}
}

@MISC{omg-MDA,
    author = {Joaquin Miller and Jishnu Mukerji},
    title = {{MDA} Guide Version 1.0.1. Av. at <http://www.omg.org/cgi-bin/doc?omg/03-06-01>},
    year = {2003},
    url = {http://www.omg.org/cgi-bin/doc?omg/03-06-01}
}

@TECHREPORT{omg-QVT,
    author = {OMG},
    title = {Meta Object Facility Version 2.0 Query/View/Transformation Specification},
    institution = {OMG},
    year = {2005},
    url = {http://www.omg.org/docs/ptc/05-11-01.pdf}
}

@article{Ortigosa00,
    author = {Alvaro Ortigosa and Marcelo Campo and Roberto Moriy\'{o}n},
    title = {Towards agent-oriented assistance for framework instantiation},
    journal = {SIGPLAN Not.},
    issue_date = {Oct. 2000},
    volume = {35},
    number = {10},
    month = oct,
    year = {2000},
    issn = {0362-1340},
    pages = {253-263}
}





@inproceedings{Park07,
    author = {Soojin Park and Sooyong Park and Vijayan Sugumaran},
    title = {Extending reusable asset specification to improve software reuse},
    booktitle = {2007 ACM symposium on Applied computing},
    series = {SAC '07},
    year = {2007},
    isbn = {1-59593-480-4},
    location = {Seoul, Korea},
    pages = {1473-1478},
    url = {http://doi.acm.org/10.1145/1244002.1244317},
    doi = {10.1145/1244002.1244317}
}

@INPROCEEDINGS{Petre13,
    author = {Marian Petre},
    title = {UML in practice},
    booktitle = {2013 International Conference on Software Engineering},
    series = {ICSE '13},
    year = {2013},
    isbn = {978-1-4673-3076-3},
    location = {San Francisco, CA, USA},
    pages = {722-731}
}

@INPROCEEDINGS{Pham12,
    author={Pham Quyet-Thang  and A. Beugnard},
    booktitle={Software Engineering and Advanced Applications (SEAA), 2012 38th EUROMICRO Conference on},
    title={Automatic Adaptation of Transformations Based on Type Graph with Multiplicity},
    year={2012},
    pages={170-174},
    doi={10.1109/SEAA.2012.21}
}

@INPROCEEDINGS{Polgar09,
    author={B. Polg\'ar and I. R\'ath and Z. Szatmari and A. Horvath and I. Majzik},
    booktitle={2th Workshop on Model-Driven Tool \& Process Integration (MDTPI)},
    title={Model-based Integration, Execution and Certification of Development Tool-chains},
    year={2009},
    pages={35-46}
}






@BOOK{Pressman10,
    author = {Roger S. Pressman},
    title = {Software Engineering. A practitioner's Approach},
    publisher = {Series McGraw-Hill higher education},
    year = {2010}
}

@MISC{pvariants,
    title = {Pure:variants <http://www.pure-systems.com>},
    year = {2013},
    key = {Pure:Variants},
    url = {http://www.pure-systems.com/fileadmin/downloads/pv-whitepaper-en-04.pdf}
}

@inproceedings{Quercini13,
    author = {Gianluca Quercini and Chantal Reynaud},
    title = {Entity discovery and annotation in tables},
    booktitle = {16th International Conference on Extending Database Technology},
    series = {EDBT '13},
    year = {2013},
    isbn = {978-1-4503-1597-5},
    location = {Genoa, Italy},
    pages = {693-704},
    doi = {10.1145/2452376.2452457}
}

@MISC{RAS13url,
    title = {{RAS} Reusable Asset Specification Version 2.2 November 2005. Av. at <http://www.omg.org/spec/RAS/>. At September 2017.},
    year = {2017},
    key = {RAS, 2017},
    url = {http://www.omg.org/spec/RAS/}
}

@TECHREPORT{RAS13,
    author = {OMG},
    title = {{RAS} Reusable Asset Specification Version 2.2 November 2005. At September 2017.},
    institution = {Object Management Group},
    year = {2005},
    url = {http://www.omg.org/spec/RAS/}
}


@INPROCEEDINGS{Ricca10,
    author = {Filippo Ricca and Giuseppe Scanniello and Marco Torchiano and Gianna Reggio and Egidio Astesiano},
    title = {On the effort of augmenting use cases with screen mockups: results from a preliminary empirical study},
    booktitle = {2010 ACM-IEEE International Symposium on Empirical Software Engineering and Measurement},
    year = {2010},
    pages = {40:1-40:4},
    doi = {10.1145/1852786.1852838}
}

@INPROCEEDINGS{Rivero12,
    author = {Jos{\'e} Mat{\'i}as Rivero and Juli{\'a}n Grigera and Gustavo Rossi and Esteban Robles Luna and Nora Koch},
    booktitle={IS Olympics: Information Systems in a Diverse World},
    title={Towards Agile Model-Driven Web Engineering},
    volume={107},
    year={2012},
    isbn={978-3-642-29748-9},
    pages={142-155}
}

@INPROCEEDINGS{Ristic12,
    author = {Sonja Risti\'{c} and Ivan Lukovi\'{c} and Slavica Aleksi\'{c} and Jelena Banovi\'{c} and Ali Al-Dahoud},
    title = {An approach to the specification of user interface templates for business applications},
    booktitle = {Fifth Balkan Conference in Informatics},
    year = {2012},
    pages = {124-129},
    doi = {10.1145/2371316.2371340}
}


@article{Rosenmuller11,
    author = {Marko Rosenm\"{u}ller and Norbert Siegmund and Mario Pukall and Sven Apel},
    title = {Tailoring dynamic software product lines},
    journal = {SIGPLAN Not.},
    issue_date = {March 2012},
    volume = {47},
    number = {3},
    month = oct,
    year = {2011},
    issn = {0362-1340},
    pages = {3-12},
    doi = {10.1145/2189751.2047866}
}

@BOOK{Russell08,
    author = {Matthew A. Russell},
    title = {Dojo: The Definitive Guide},
    publisher = {O'Reilly Media},
    year = {2008}
}

@INPROCEEDINGS{Santos10,
    author={R. Pereira dos Santos and C.M.L. Werner},
    booktitle={Software Components, Architectures and Reuse (SBCARS), 2010 Fourth Brazilian Symposium on},
    title={Analyzing the Concept of Components in the Brech\'o-VCM Approach through a Sociotechnical and Software Reuse Management Perspective},
    year={2010},
    pages={21-30},
    doi={10.1109/SBCARS.2010.26}
}


@ARTICLE{Schmidt06,
    author = {Douglas C. Schmidt},
    title = {Guest Editor's Introduction: Model-Driven Engineering},
    journal = {IEEE Computer},
    year = {2006},
    volume = {39},
    pages = {25-31},
    number = {2},
    doi = {10.1109/MC.2006.58}
}

@INPROCEEDINGS{Selic06,
	author={Bran Selic},
	booktitle={Ninth IEEE International Symposium on Object and Component-Oriented Real-Time Distributed Computing, 2006. ISORC 2006.},
	title={Model-driven development: its essence and opportunities},
	year={2006},
	pages={7 pp.-},
	doi={10.1109/ISORC.2006.54}
}

@inproceedings{Selim12,
    author = {Gehan M. K. Selim and James R. Cordy and Juergen Dingel},
    title = {Model transformation testing: the state of the art},
    booktitle = {First Workshop on the Analysis of Model Transformations},
    series = {AMT '12},
    year = {2012},
    pages = {21-26},
    doi = {10.1145/2432497.2432502}
}

@article{Sen12,
    author={Sagar Sen and Naouel Moha and Vincent Mah\'e and Olivier Barais and Benoit Baudry and Jean-Marc J\'ez\'equel},
    year={2012},
    journal={Software \& Systems Modeling},
    volume={11},
    number={1},
    doi={10.1007/s10270-010-0181-9},
    title={Reusable model transformations},
    publisher={Springer-Verlag},
    pages={111-125}
}

@INPROCEEDINGS{Shan06,
    author = {T. C. Shan  and W. W. Hua },
    title = {Taxonomy of Java Web Application Frameworks},
    booktitle = {2006 IEEE International Conference on e-Business Engineering (ICEBE 2006), 24-26 October 2006, Shanghai, China},
    year = {2006},
    pages = {378-385}
}

@incollection{Schuenck06,
year={2006},
booktitle={Reuse of Off-the-Shelf Components},
volume={4039},
series={Lecture Notes in Computer Science},
title={X-ARM: A Step Towards Reuse of Commercial and Open Source Components},
publisher={Springer Berlin Heidelberg},
author={Schuenck, Michael and Neg�cio, Yuri and Elias, Gl�dson and Miranda, Sindolfo and Dias, Jorge, Jr and Cavalcanti, Gustavo},
pages={432-435}
}%doi={10.1007/11763864_40},

@BOOK{Shore08,
    author = {James Shore and Shane Warden},
    title = {The Art of Agile Development},
    publisher = {O'Reilly},
    year = {2008}
}


@INPROCEEDINGS{Silva11,
    author = {M. Silva and T. Oliveira},
    title = {Towards detailed software artifact specification with SPEMArti},
    booktitle = {2011 International Conference on Software and Systems Process (ICSSP '11). ACM, New York, NY, USA},
    year = {2011},
    pages = {213-217}
}

@BOOK{Sommerville10,
    author = {Ian Sommerville},
    title = {Software Engineering (9th Edition)},
    publisher = {Addison-Wesley},
    year = {2010}
}

@INPROCEEDINGS{Souza07,
    author = {V{\'i}tor Est{\^e}v{\~a}o Silva Souza and Ricardo De Almeida Falbo and Giancarlo Guizzardi},
    title = {A UML Profile for Modeling Framework-based Web Information Systems},
    booktitle = {12th International Workshop on Exploring Modelling Methods in Systems Analysis and Design EMMSAD�2007},
    year = {2007},
    pages = {153-162}
}

@INPROCEEDINGS{Stary00,
    author = {Chris Stary},
    title = {Contextual prototyping of user interfaces},
    booktitle = {3rd conference on Designing interactive systems: processes, practices, methods, and techniques},
    year = {2000},
    pages = {388-395},
    doi = {10.1145/347642.347797}
}

@INPROCEEDINGS{Stocq04,
    author = {Julien Stocq and Jean Vanderdonckt},
    title = {A domain model-driven approach for producing user interfaces to multi-platform information systems},
    booktitle = {working conference on Advanced visual interfaces},
    year = {2004},
    pages = {395-398},
    doi = {10.1145/989863.989934}
}

@TECHREPORT{Tasktop13,
    author = {Mik Kersten},
    title = {Software Lifecycle Integration Architecture},
    institution = {Tasktop},
    year = {2013},
    url = {http://www.tasktop.com}
}%http://tasktop.com/support/login.php?redirect=/sites/default/files/documents/Tasktop-SLI-Architecture-v0.5.pdf

@inproceedings{Tekinerdogan03,
    author = {Bedir Tekinerdo\u{g}an and Sevcan Bilir and Cem Abatlevi},
    title = {Integrating platform selection rules in the model driven architecture approach},
    booktitle = {2003 European conference on Model Driven Architecture: foundations and Applications},
    series = {MDAFA'03},
    year = {2005},
    location = {Twente, The Netherlands},
    pages = {159-173},
    doi = {10.1007/11538097_11}
}


@article{Thum12,
	author = {Thomas Th{\"u}m and Christian K{\"a}stner and Fabian Benduhn and Jens Meinicke and Gunter Saake and Thomas Leich},
	title = {FeatureIDE: An extensible framework for feature-oriented software development},
	journal = {Science of Computer Programming},
	volume = {79},
	number = {1},
	pages = {70--85},
	year = {2012},
	doi = {http://dx.doi.org/10.1016/j.scico.2012.06.002}
}



@INPROCEEDINGS{Trujillo07,
    author={Salvador Trujillo and Don S. Batory and Oscar D\'iaz},
    booktitle={Software Engineering, 2007. ICSE 2007. 29th International Conference on},
    title={Feature Oriented Model Driven Development: A Case Study for Portlets},
    year={2007},
    pages={44-53},
    doi={10.1109/ICSE.2007.36}
}

@INPROCEEDINGS{Trujillo09,
    author = {Salvador Trujillo and Ander Zubizarreta and Xabier Mendialdua and Josune de Sosa},
    title = {Feature-oriented refinement of models, metamodels and model transformations},
    booktitle = {First International Workshop on Feature-Oriented Software Development},
    series = {FOSD '09},
    year = {2009},
    isbn = {978-1-60558-567-3},
    location = {Denver, Colorado},
    pages = {87-94},
    doi = {10.1145/1629716.1629734}
}

@INPROCEEDINGS{Trujillo10,
    AUTHOR = {Roberto E. Lopez-Herrejon and Alexander Egyed and Salvador Trujillo and Josune de Sosa and Maider Azanza},
    TITLE = {Using Incremental Consistency Management for Conformance Checking in Feature-Oriented Model-Driven Engineering},
    BOOKTITLE = {VaMoS'10},
    PAGES = {93-100},
    YEAR = {2010}
}

@MISC{UML,
    title = {{UML} 2.3 Superstructure Specification},
    year = {2010},
    key = {OMG},
    url = {http://www.omg.org/spec/UML/2.3/}
}

@INPROCEEDINGS{Vanderdonckt05,
    author = {Jean Vanderdonckt},
    title = {A MDA-compliant environment for developing user interfaces of information systems},
    booktitle = {17th international conference on Advanced Information Systems Engineering},
    year = {2005},
    pages = {16-31},
    doi = {10.1007/11431855_2}
}

@INPROCEEDINGS{Vanhooff06,
    author = {Bert Vanhooff and Dhouha Ayed and Yolande Berbers},
    title = {A framework for transformation chain development processes},
    booktitle = {ECMDA Composition of Model Transformations Workshop},
    year = {2006},
    pages = {3-8}
}

@INPROCEEDINGS{Vanhooff06b,
    author = {Bert Vanhooff and Stefan Van Baelen and Aram Hovsepyan and Wouter Joosen and Yolande Berbers},
    title = {Towards a transformation chain modeling language},
    booktitle = {6th international conference on Embedded Computer Systems: architectures, Modeling, and Simulation},
    series = {SAMOS'06},
    year = {2006},
    pages = {39-48},
    doi = {10.1007/11796435_6}
}

@INPROCEEDINGS{Volter07,
    author = {Markus V\"oelter and Iris Groher},
    title = {Handling Variability in Model Transformations and Generators},
    booktitle = {Companion to the Annual ACM SIGPLAN Conference on Object-Oriented Programming, Systems, Languages, and Applications (OOPSLA 2007)},
    year = {2007},
		publisher = {ACM},
		pages = {1-8},
		note={Available at: <http://www.voelter.de/data/workshops/HandlingVariability InModelTransformations.pdf>}
}


@ARTICLE{Voelter09,
	year={2009},
	journal={Journal of Object Technology},
	volume={8},
	number={6},
	title={Best Practices for DSLs and Model-Driven Development},
	author={Markus Voelter},
	pages={79-102}
}

@INPROCEEDINGS{Volter11,
    author={Markus V\"olter and E. Visser},
    booktitle={Software Product Line Conference (SPLC), 2011 15th International},
    title={Product Line Engineering Using Domain-Specific Languages},
    year={2011},
    pages={70-79},
    doi={10.1109/SPLC.2011.25}
}

@INPROCEEDINGS{Voelter11,
    author={Markus  V\"olter and E. Visser},
    booktitle={Software Product Line Conference (SPLC), 2011 15th International},
    title={Product Line Engineering Using Domain-Specific Languages},
    year={2011},
    pages={70-79},
    doi={10.1109/SPLC.2011.25}
}


@MISC{XPDL13,
  title = {XPDL web page. Av. at <www.xpdl.org/>},
  year = {2013},
  key = {XPDL},
  url = {www.xpdl.org/}
}


@INPROCEEDINGS{Zhang12a,
    author={Zhang Weiqing and V. Leilde and B. Moller-Pedersen and J. Champeau and C. Guychard},
    booktitle={Software Engineering Conference (APSEC), 2012 19th Asia-Pacific},
    title={Towards Tool Integration through Artifacts and Roles},
    year={2012},
    doi={10.1109/APSEC.2012.45},
    pages={603-613}
}

@inproceedings{Zhang12b,
  author = {Weiqing Zhang and Birger Moller-Pedersen and Matthias Biehl},
  booktitle = {International Conference on Software Engineering and Applications, ICSOFT'12},
  title = {A Light-weight Tool Integration Approach - From a Tool Integration Model to OSLC Integration Services.},
  year={2012},
  pages = {137-146}
}%  url = {http://dblp.uni-trier.de/db/conf/icsoft/icsoft2012.html#ZhangMB12},

@INPROCEEDINGS{Wagelaar06,
 author = {Dennis Wagelaar},
 title = {Blackbox Composition of Model Transformations using Domain-Specific Modelling Languages},
 booktitle = {ECMDA Composition of Model Transformations Workshop},
 year = {2006},
 pages = {15-19}
}

@BOOK{Walls03,
  author = {Craig Walls and Norman Richards},
  title = {XDoclet in Action},
  publisher = {Manning Publications},
  year = {2003}
}

@BOOK{Walls11,
  author = {Craig Walls},
  title = {Spring in Action},
  publisher = {Manning Publications; Third Edition edition},
  year = {2011}
}

@incollection{Wasserman90,
    year={1990},
    isbn={978-3-540-53452-5},
    booktitle={Software Engineering Environments},
    volume={467},
    series={Lecture Notes in Computer Science},
    editor={Long, Fred},
    title={Tool integration in software engineering environments},
    url={http://dx.doi.org/10.1007/3-540-53452-0_38},
    publisher={Springer Berlin Heidelberg},
    author={Anthony I. Wasserman},
    pages={137-149}
}
%    doi={10.1007/3-540-53452-0_38},

@MISC{WebRatio13,
  title = {Web Ratio web page. Av. at <http://www.webratio.com/>},
  year = {2013},
  key = {WebRatio},
  url = {http://www.webratio.com/}
}

@inproceedings{Werner09,
    author = {Cl\'audia Werner and Leonardo Murta and Anderson Marinho and Rodrigo Santos and Marlon Silva},
    title = {Towards a Component and Service Marketplace with Brech\'o Library},
    booktitle = {IADIS International Conference on WWW/Internet, Rome, Italy, nov. 2009},
    series = {IADIS'09},
    year = {2009},
    pages = {567-574}
}

@inproceedings{Whittle13,
    author = {Jon Whittle and John Hutchinson and Mark Rouncefield and Hakan Burden and Rogardt Heldal},
    title = {Industrial Adoption of Model-Driven Engineering: Are the Tools Really the Problem?},
    booktitle = {16th International Conference on Model Driven Engineering Languages and Systems},
    series = {MODELS'13},
    year = {2013},
    pages = {1-17}
}% doi = {10.1007/978-3-642-41533-3_1}

@article{Wicks07,
    author = {M. N. Wicks and R. G. Dewar},
    title = {Controversy Corner: A new research agenda for tool integration},
    journal = {J. Syst. Softw.},
    issue_date = {September, 2007},
    volume = {80},
    number = {9},
    month = sep,
    year = {2007},
    issn = {0164-1212},
    pages = {1569-1585},
    numpages = {17},
    url = {http://dx.doi.org/10.1016/j.jss.2007.03.089},
    doi = {10.1016/j.jss.2007.03.089},
    publisher = {Elsevier Science Inc.}
}

@INPROCEEDINGS{Willink03,
    author = {Edward D. Willink},
    title = {UMLX: A graphical transformation language for MDA},
    booktitle = {Model-Driven Architecture: Foundations and Applications},
    year = {2003},
    pages = {13-24}
}


@MISC{WCT13,
  title = {{WCT} -Work CASE Toolkit - Project Description. Av. at <http://prisma.cos.ufrj.br/wct>. At March 2013. },
  year = {2013},
  key = {WCT},
  url = {http://prisma.cos.ufrj.br/wct}
}

@ARTICLE{Yie12,
	year={2012},
	issn={1619-1366},
	journal={Software \& Systems Modeling},
	volume={11},
	number={1},
	doi={10.1007/s10270-010-0179-3},
	title={Realizing Model Transformation Chain interoperability},
	publisher={Springer-Verlag},
	author={Andres Yie and Rubby Casallas and Dirk Deridder and Dennis Wagelaar},
	pages={55-75}
}

@BOOK{Yuan07,
  author = {Michael Juntao Yuan and Thomas Heute},
  title = {JBoss Seam: Simplicity and Power Beyond Java EE},
  publisher = {Prentice Hall},
  year = {2007}
}

@MISC{MylynAlm14,
  title = {Mylyn Enables Agile ALM for Eclipse},
  year = {2014},
  key = {MylynALM, 2014},
  url = {http://www.eclipse.org/org/press-release/20100308_mylyn.php}
}


@article{Santos13,
title = "The use of software product lines for business process management: A systematic literature review ",
journal = "Information and Software Technology ",
volume = "55",
number = "8",
pages = "1355 - 1373",
year = "2013",
author = "Roberto dos Santos Rocha and Marcelo Fantinato"
}

@INPROCEEDINGS{Fernandez10,
year={2010},
booktitle={Model Driven Engineering Languages and Systems},
doi={10.1007/978-3-642-16129-2_14},
title={A Meta Model for Artefact-Orientation: Fundamentals and Lessons Learned in Requirements Engineering},
author={Daniel M\'endez Fern\'andez and Birgit Penzenstadler and Marco Kuhrmann and Manfred Broy},
pages={183-197}
}


@INPROCEEDINGS{Moser10,
year={2010},
booktitle={4th International Conference on Complex, Intelligent and Software Intensive Systems},
series={CISIS 2010},
title={Integrating Production Automation Expert Knowledge Across Engineering Stakeholder Domains},
author={T. Moser and S. Biffl and W. Sunindyo and D. Winkler},
pages={352 - 359}
}

@incollection{Kuhrmann13,
year={2013},
booktitle={Product-Focused Software Process Improvement},
doi={10.1007/978-3-642-39259-7_13},
title={Who Cares About Software Process Modelling? A First Investigation About the Perceived Value of Process Engineering and Process Consumption},
author={Marco Kuhrmann and Daniel M\'endez Fern\'andez and Alexander Knapp},
pages={138-152}
}



%%organizar
@INPROCEEDINGS{Sadovykh09,
    author={Andrey Sadovykh and Antonin Abherve},
    booktitle={2th Workshop on Model-Driven Tool \& Process Integration (MDTPI)},
    title={MDE Project Execution Support via SPEM Process Enactment},
    year={2009},
    pages={53-59}
}

@INPROCEEDINGS{Jouaul09,
    author={Fr\'ed\'eric Jouault and Thierry Gu\'eguen},
    booktitle={2th Workshop on Model-Driven Tool \& Process Integration (MDTPI)},
    title={Integration by Model-driven Virtual Tool},
    year={2009},
    pages={47-52}
}


@inproceedings{Alves06,
 author = {Vander Alves and Rohit Gheyi and Tiago Massoni and Uir\'{a} Kulesza and Paulo Borba and Carlos Lucena},
 title = {Refactoring Product Lines},
 booktitle = {5th International Conference on Generative Programming and Component Engineering},
 series = {GPCE '06},
 year = {2006},
 location = {Portland, Oregon, USA},
 pages = {201--210},
 doi = {10.1145/1173706.1173737}
} 

@inproceedings{Holdschick12,
 author = {Hannes Holdschick},
 title = {Challenges in the Evolution of Model-based Software Product Lines in the Automotive Domain},
 booktitle = {4th International Workshop on Feature-Oriented Software Development},
 series = {FOSD '12},
 year = {2012},
 location = {Dresden, Germany},
 pages = {70--73},
 doi = {10.1145/2377816.2377826}
} 

@inproceedings{Hebig14b,
 author = {Regina Hebig and Reda Bendraou},
 title = {On the Need to Study the Impact of Model Driven Engineering on Software Processes},
 booktitle = {2014 International Conference on Software and System Process},
 series = {ICSSP 2014},
 year = {2014},
 location = {Nanjing, China},
 pages = {164--168},
 doi = {10.1145/2600821.2600846}
}

@Article{Barreto11,
  author =     "Ahilton Silva Barreto and Leonardo Gresta Paulino Murta and Ana Regina Cavalcanti da Rocha",
  title =      "Software Process Definition: a Reuse-based Approach",
  journal =    j-jucs,
  year =       "2011",
  volume =     "17",
  number =     "13",
  pages =      "1765--1799",
  date =       "2011-09-01",
  month =      "sep"
}

@article{Wimmer12,
  author = {Manuel Wimmer and Salvador Mart\'{i}nez and Fr\'{e}d\'{e}ric Jouault and Jordi Cabot},
  title = {A Catalogue of Refactorings for Model-to-Model Transformations},
  journal = {Journal of Object Technology},
  volume = {11},
  number = {2},
  issn = {1660-1769},
  year = {2012},
  month = aug,
  pages = {2:1-40},
  doi = {10.5381/jot.2012.11.2.a2}
}

@inproceedings{Janjic14,
year={2014},
booktitle={Recommendation Systems in Software Engineering},
doi={10.1007/978-3-642-45135-5_14},
title={Reuse-Oriented Code Recommendation Systems},
author={Werner Janjic and Oliver Hummel and Colin Atkinson},
pages={359-386}
}


@inproceedings{Vasconcelos04,
year={2004},
booktitle={XVIII Simp\'osio Brasileiro de Engenharia de Software},
title={An Approach to Software Architecture Recovery Aiming at Its Reuse in the Context of Domain Engineering},
author={A. P. V. Vasconcelos and C. M. L. Werner},
location={Bras\'ilia, DF, Brasil},
pages={9-16}
}

@inproceedings{Zhang13c,
author={Weiqing  Zhang and B. Moller-Pedersen},
title={Establishing tool chains above the service cloud with integration models},
booktitle={IEEE 20th International Conference on Web Services, ICWS 2013},
year={2013},
pages={372-379}
}

@CONFERENCE{Klein13,
author={J. Klein and J.D. McGregor},
title={System-of-systems platform scoping},
booktitle={4th International Workshop on Product LinE Approaches in Software Engineering},
series={PLEASE 2013},
year={2013},
pages={1-4}
}

@CONFERENCE{Vierhauser13,
author={M. Vierhauser and R. Rabiser and P. Gr\"unbacher and C. Danner and S. Wallner},
title={Evolving systems of systems: Industrial challenges and research perspectives},
booktitle={1st ACM SIGSOFT/SIGPLAN International Workshop on Software Engineering for Systems-of-Systems},
series={SESoS 2013},
year={2013},
pages={1-4}
}

@ARTICLE{Wang11,
author={R. Wang and C.H. Dagli},
title={Executable system architecting using systems modeling language in conjunction with colored Petri nets in a model-driven systems development process},
journal={Systems Engineering},
year={2011},
volume={14},
number={4},
pages={383-409}
}

@INPROCEEDINGS{Brown01,
author={AW. Brown and P.H. Feiler and K.C. Wallnau},
booktitle={Fifth International Workshop on Computer-Aided Software Engineering, 1992. },
title={Past and future models of CASE integration},
year={1992},
month={Jul},
pages={36-45},
doi={10.1109/CASE.1992.200128}
}

@MISC{CORBA,
  title = {Object Management Group, The common object request broker: Architecture and specification, Tech. report, Object Management Group, Oct.},
  year = {1999},
  key = {CORBA, 1999}
}

@INPROCEEDINGS{Mussbacher14,
year={2014},
booktitle={Model-Driven Engineering Languages and Systems},
doi={10.1007/978-3-319-11653-2_12},
title={The Relevance of Model-Driven Engineering Thirty Years from Now},
author={Gunter Mussbacher and Daniel Amyot and Ruth Breu and Jean-Michel Bruel and Betty H.C. Cheng and Philippe Collet and Benoit Combemale and Robert B. France and Rogardt Heldal and James Hill and J\"org Kienzle and Matthias Sch\"ottle and Friedrich Steimann and Dave Stikkolorum and Jon Whittle},
pages={183-200}
}



@INPROCEEDINGS{Fuggetta14,
 author = {Alfonso Fuggetta and Elisabetta Di Nitto},
 title = {Software Process},
 booktitle = {36th International Conference on Software Engineering},
 series = {ICSE '14},
 year = {2014},
 location={Hyderabad, India},
 pages = {1--12},
 doi={10.1145/2593882.2593883}
}



@INPROCEEDINGS{Jouaul09,
    author={Fr\'ed\'eric Jouault and Thierry Gu\'eguen},
    booktitle={2th Workshop on Model-Driven Tool \& Process Integration (MDTPI)},
    title={Integration by Model-driven Virtual Tool},
    year={2009},
    pages={47-52}
}




@inproceedings{Vasconcelos04,
year={2004},
booktitle={XVIII Simp\'osio Brasileiro de Engenharia de Software},
title={An Approach to Software Architecture Recovery Aiming at Its Reuse in the Context of Domain Engineering},
author={A. P. V. Vasconcelos and C. M. L. Werner},
location={Bras\'ilia, DF, Brasil},
pages={9-16}
}


@CONFERENCE{Klein13,
author={J. Klein and J.D. McGregor},
title={System-of-systems platform scoping},
booktitle={4th International Workshop on Product LinE Approaches in Software Engineering},
series={PLEASE 2013},
year={2013},
pages={1-4}
}

@CONFERENCE{Vierhauser13,
author={M. Vierhauser and R. Rabiser and P. Gr\"unbacher and C. Danner and S. Wallner},
title={Evolving systems of systems: Industrial challenges and research perspectives},
booktitle={1st ACM SIGSOFT/SIGPLAN International Workshop on Software Engineering for Systems-of-Systems},
series={SESoS 2013},
year={2013},
pages={1-4}
}

@ARTICLE{Wang11,
author={R. Wang and C.H. Dagli},
title={Executable system architecting using systems modeling language in conjunction with colored Petri nets in a model-driven systems development process},
journal={Systems Engineering},
year={2011},
volume={14},
number={4},
pages={383-409}
}

@INPROCEEDINGS{Brown01,
author={AW. Brown and P.H. Feiler and K.C. Wallnau},
booktitle={Fifth International Workshop on Computer-Aided Software Engineering, 1992. },
title={Past and future models of CASE integration},
year={1992},
month={Jul},
pages={36-45},
doi={10.1109/CASE.1992.200128}
}

@MISC{CORBA,
  title = {Object Management Group, The common object request broker: Architecture and specification, Tech. report, Object Management Group, Oct.},
  year = {1999},
  key = {CORBA, 1999}
}

@INPROCEEDINGS{Selic14,
year={2014},
booktitle={Invited Speaker at International Conference on Industrial Informatics. Av. at <http://www.fosslc.org/drupal/content/model-based-software-engineering-industry-revolution-evolution-or-smoke>. At Dec.},
title={Model-Based Software Engineering in Industry: Revolution, Evolution, or Smoke?},
author={Bran Selic},
pages={-},
}


@INPROCEEDINGS{Selic14OLD,
year={2014},
booktitle={Invited Speaker at International Conference on Industrial Informatics. Av. at <http://www.fosslc.org/drupal/content/model-based-software-engineering-industry-revolution-evolution-or-smoke>. At Dec.},
title={Model-Based Software Engineering in Industry: Revolution, Evolution, or Smoke?},
author={Bran Selic},
pages={-},
url={http://www.fosslc.org/drupal/content/model-based-software-engineering-industry-revolution-evolution-or-smoke}
}

@article{Jakumeit14a,
title = "A survey and comparison of transformation tools based on the transformation tool contest ",
journal = "Science of Computer Programming ",
volume = "85, Part A",
number = "0",
pages = "41 - 99",
year = "2014",
doi = "http://dx.doi.org/10.1016/j.scico.2013.10.009",
author = "Edgar Jakumeit and Sebastian Buchwald and Dennis Wagelaar and Li Dan and \'Abel Hegedus and Markus Herrmannsdorfer and Tassilo Horn and Elina Kalnina and Christian Krause and Kevin Lano and Markus Lepper and Arend Rensink and Louis Rose and Sebastian Watzoldt and Steffen Mazanek"
}

@article{Rose13,
year={2013},
journal={Software \& Systems Modeling},
volume={12},
number={1},
doi={10.1007/s10270-011-0203-2},
title={Genericity for model management operations},
author={Louis Rose and Esther Guerra and Juan Lara and Anne Etien and Dimitris Kolovos and Richard Kolovos},
pages={201-219}
}

@INPROCEEDINGS{Briand12,
    author={L. Briand and D. Falessi and S. Nejati and M. Sabetzadeh and T. Yue},
    year={2012},
    booktitle={15th International Conference on Model Driven Engineering Languages and Systems},
    volume={7590},
    series={MODELS 2012},
    title={Research-based innovation: A tale of three projects in model-driven engineering},
    pages={793-809}
}

@MISC{RAM14url,
    title = {{IBM Rational Asset Manager} At Sept.},
    year = {2014},
    key = {{IBM Rational Asset Manager} Av. at <http://www.ibm.com/software/products/asset>. At Sept.},
    url = {http://www.ibm.com/software/products/asset}
}

@PHDTHESIS{RAM14,
    month = {May},
    title = {Enterprise Requirements Management - using Rational Asset Manager},
		school    = {Technical University of Denmark, Informatics and Mathematical Modelling},
    author = {Erling Villiam Madsen},
    publisher = {Building 321, DK-2800 Kongens Lyngby, Denmark},
		url = {http://etd.dtu.dk/thesis/220259/dip08_23.pdf},
    year = {2008}
}

@INPROCEEDINGS{Tran11,
author={Hanh Nhi Tran and Bernard Coulette and Dan Thu Tran and My Hang Vu},
booktitle={26th Symposium On Applied Computing},
title={Automatic Reuse of Process Patterns in Process Modeling},
series = {SAC'11},
year={2011},
pages={1431-1438}
}

@INPROCEEDINGS{Liebel14,
year={2014},
booktitle={Model-Driven Engineering Languages and Systems},
series={MODELS'14},
title={Assessing the State-of-Practice of Model-Based Engineering in the Embedded Systems Domain},
author={Grischa Liebel and Nadja Marko and Matthias Tichy and Andrea Leitner and J\"orgen Hansson},
pages={166-182}
}%doi={10.1007/978-3-319-11653-2_11},



@article{Vara14,
year={2014},
journal={Transactions on Software Engineering},
volume={40},
number={6},
doi={10.1109/TSE.2014.2316132},
title={Dealing with Traceability in the MDD of Model Transformations},
author={J.M. Vara and V.A. Bollati and A. Jim\'enez and  E. Marcos},
pages={555-583}
}

@ARTICLE{Mottola11,
author={L. Mottola and G. P. Picco},
journal={ACM Comput. Surv.},
title={Programming wireless sensor networks: Fundamental concepts and state of the art},
year={2011},
volume={43},
number={3},
pages={19:1-19:51}
}

@book{Mohapatra:2005,
 author = {Mohapatra, Prasant and Krishnamurthy, Srikanth},
 title = {AD HOC NETWORKS: Technologies and Protocols},
 year = {2005},
 isbn = {978-0-387-22690-3},
 edition = {1st},
 publisher = {Springer Publishing Company, Incorporated},
} 

@ELECTRONIC{OnWorld,
  author = {OnWorld },
  title = {{The OnWorld website}},
  url = {http://www.onworld.com/},
  urlaccessdate={05/01/2012},
  year = {2013}
}

@ELECTRONIC{CONET,
  author = {CONET },
  title = {{The CONET website}},
  url = {http://www.cooperating-objects.eu/},
  urlaccessdate={05/01/2012},
  year = {2013}
	}

@INPROCEEDINGS{Neto14,
year={2014},
booktitle={ECSAW August 25 - 29, Vienna, Austria},
series={ECSAW'14},
title={Investigating the Model-Driven Development for Systems-of-Systems},
author={Valdemar Vicente Graciano Neto and Milena Guessi and Lucas Bueno R. Oliveira and Flavio Oquendo and Elisa Yumi Nakagawa},
pages={-}
}

@incollection{Andersson:2008,
year={2008},
booktitle={Embedded Systems Specification and Design Languages},
volume={10},
title={UML and SystemC - A Comparison and Mapping Rules for Automatic Code Generation},
author={Andersson, Per and H�st, Martin},
pages={199-209}
}

@article{Akyildiz:2002,
 author = {I. F. Akyildiz and W. Su and Y. Sankarasubramaniam and E. Cayirci},
 title = {Wireless sensor networks: a survey},
 journal = {Comput. Netw.},
 volume = {38},
 issue = {4},
 month = {March},
 year = {2002},
 pages = {393--422},
 doi = {10.1016/S1389-1286(01)00302-4}
}

@article{Yick:2008,
 author = {Jennifer Yick and Biswanath Mukherjee and Dipak Ghosal},
 title = {Wireless Sensor Network Survey},
 journal = {Comput. Netw.},
 issue_date = {August, 2008},
 volume = {52},
 number = {12},
 month = aug,
 year = {2008},
 pages = {2292--2330},
 doi = {10.1016/j.comnet.2008.04.002}
 } 

@CONFERENCE{Lafi201020,
author={Lafi, L. and Alouini, W. and Hammoudi, S. and Gammoudi, M.M.},
title={Metamodels matching: Issue, techniques and comparison},
journal={2nd International Workshop on Future Trends of Model-Driven Development, FTMDD 2010, in Conjunction with ICEIS 2010},
year={2010},
pages={20-34},
note={cited By 0},
url={http://www.scopus.com/inward/record.url?eid=2-s2.0-78649335965&partnerID=40&md5=908f1214a6a7d4aa1f87491bcc751263},
document_type={Conference Paper},
source={Scopus},
}

@incollection{Lafi11,
year={2011},
booktitle={Model and Data Engineering},
volume={6918},
series={Lecture Notes in Computer Science},
doi={10.1007/978-3-642-24443-8_29},
title={Metamodel Matching Techniques in MDA: Challenge, Issues and Comparison},
publisher={Springer Berlin Heidelberg},
author={Lamine Lafi and Slimane Hammoudi and Jamel Feki},
pages={278-286}
}

@INPROCEEDINGS{Guerra10,
    author={Esther Guerra and Juan de Lara and Dimitrios S. Kolovos and Richard F. Paige and Osmar Marchi dos Santos},
    year={2010},
    booktitle={13th International Conference on Model Driven Engineering Languages and Systems},
    series={MODELS 2010},
    title={transML: A Family of Languages to Model Model Transformations},
    pages={106-120}
}


@ARTICLE{Ambler02,
author={S.W. Ambler},
title={Lessons in Agility from Internet-Based Development},
journal={IEEE Software},
year={2002},
volume={19},
number={2},
pages={66�73}
}

@ARTICLE{Giardino14, 
author={C. Giardino and M. Unterkalmsteiner and N. Paternoster and T. Gorschek and P. Abrahamsson}, 
journal={Software, IEEE}, 
title={What Do We Know about Software Development in Startups?}, 
year={2014}, 
month={Sept}, 
volume={31}, 
number={5}, 
pages={28-32},  
doi={10.1109/MS.2014.129}, 
ISSN={0740-7459}
}

@article{Pillat15,
title = "{BPMNt: A BPMN} extension for specifying software process tailoring ",
journal = "Information and Software Technology ",
volume = "57",
number = "0",
pages = "95 - 115",
year = "2015",
doi = "http://dx.doi.org/10.1016/j.infsof.2014.09.004",
author = "Raquel M. Pillat and Toacy C. Oliveira and Paulo S.C. Alencar and Donald D. Cowan"
}


@book{SegredoLuiza,
 author = {Fernando Dolabela},
 title = {O Segredo de Luiza},
 year = {2006},
 isbn = {9788575423387},
 edition = {30},
 publisher = {S\~ao Paulo: Editora de Cultura},
} 


@BOOK{GOF95,
	author = {E. Gamma and R. Helm and R. Johnson and J. Vlissides},
	title={Design Patterns, Elements of Reusable Object-Oriented Software},
	publisher={Addison-Wesley},
	year={1995}
}

@article{Capilla20143,
author = "Rafael Capilla and Jan Bosch and Pablo Trinidad and Antonio Ruiz-Cort\'es and Mike Hinchey",
title = "An overview of Dynamic Software Product Line architectures and techniques: Observations from research and industry ",
journal = "Journal of Systems and Software ",
volume = "91",
number = "0",
pages = "3-23",
year = "2014",
doi = "http://dx.doi.org/10.1016/j.jss.2013.12.038"
}

@BOOK{ESE01,
	author = {Natalia Juristo and Ana M. Moreno},
	title={Basics of Software Engineering Experimentation},
	publisher={Springer US},
	year={2001}
}

@BOOK{Booch05,
    author = {Grady Booch and James Rumbaugh and Ivar Jacobson},
    title = {The Unified Modeling Language User Guide (2nd Edition)},
    publisher = {Addison-Wesley},
    year = {2005}
}

@MISC{REMODD14url,
    title = {{ReMoDD} Av. at <www.cs.colostate.edu/remodd/v1/>. At Sept. 2014.},
    year = {2014},
    key = {{ReMoDD} Av. at <http://www.cs.colostate.edu/remodd/v1/>. At Sept. 2014.},
    url = {http://www.cs.colostate.edu/remodd/v1/}
}


@inproceedings{REMODD14,
 author = {R. France and J. Bieman and B.H.C. Cheng },
 title = {Repository for Model Driven Development (ReMoDD)},
 booktitle = {Lecture Notes in Computer Science (including subseries Lecture Notes in Artificial Intelligence and Lecture Notes in Bioinformatics)},
 series = {4364 LNCS},
 year = {2007},
 pages = {311-317}
}
 



@inproceedings{Garcia-Alonso12,
 author = {Jose Garcia-Alonso and Javier Berrocal Olmeda and Juan Manuel Murillo},
 title = {Architectural variability management in multi-layer web applications through feature models},
 booktitle = {4th International Workshop on Feature-Oriented Software Development},
 series = {FOSD '12},
 year = {2012},
 pages = {29--36},
 doi = {10.1145/2377816.2377821}
}

@article{Frakes05,
 author = {William B. Frakes and Kyo Kang},
 title = {Software Reuse Research: Status and Future},
 journal = {IEEE Trans. Softw. Eng.},
 volume = {31},
 number = {7},
 month = jul,
 year = {2005},
 pages = {529--536},
 doi = {10.1109/TSE.2005.85}
 }


@INPROCEEDINGS{Carvalho98,
  author = {S. E. R. Carvalho and T. C. Oliveira},
  title = {Second Generation Object-Oriented Development},
  booktitle = {2nd CNPq/NSF Workshop on Formal Aspects of Computation, New Orleans, USA.},
  year = {1998}
}

@ARTICLE{Blois09,
  author = {A. P. T. Blois and P. Lumertz and T. C. Oliveira},
  title = {Quantools: A MDA transformation approach},
  journal = {Revista de Inform�tica Te�rica e Aplicada (Impresso)},
  year = {2009},
  volume = {16},
  pages = {53-56}
}

@INPROCEEDINGS{White08,
author={J. White and D.C. Schmidt and D. Benavides and P. Trinidad and A. Ruiz-Cortes},
booktitle={Software Product Line Conference, 2008. SPLC '08. 12th International},
title={Automated Diagnosis of Product-Line Configuration Errors in Feature Models},
year={2008},
pages={225-234},
doi={10.1109/SPLC.2008.16}
}

@INPROCEEDINGS{Fleurey04,
  author = {F. Fleurey and J. Steel and B. Baudry},
  title = {Validation in model-driven engineering: Testing model transformations},
  booktitle = {1st International Workshop on Model, Design and Validation},
  series = {SIVOES - MoDeVa},
  year = {2004},
  pages = {29-40}
}

@ARTICLE{Baudry10,
 author = {B. Baudry and S. Ghosh and F. Fleurey and R. France and Y. Le Traon and J.-M. Mottu},
 title = {Barriers to systematic model transformation testing.},
 journal = {Communications of the ACM},
 issue_date = {June 2010},
 volume = {53},
 year = {2010},
 number = {6},
 pages = {139-143}
}

@BOOK{Cole03,
  author = {Jim Cole and Joseph D. Gradecki},
  title = {Mastering Apache Velocity},
  publisher = {Wiley; 1 edition},
  year = {2003}
}

@INPROCEEDINGS{Hervieu12,
author={A. Hervieu and B. Baudry and A. Gotlieb},
booktitle={International Conference on Testing Software and Systems},
title={Managing execution environment variability during software testing: An industrial experience},
series={ICTSS 2012},
year={2012},
pages={24-38}
}

@INPROCEEDINGS{Deufemia13,
 author = {Vincenzo Deufemia and Chris D'Souza and Athula Ginige},
 title = {Visually Modelling Data Intensive Web Applications to Assist End-user Development},
 booktitle = {6th International Symposium on Visual Information Communication and Interaction},
 series = {VINCI'13},
 year = {2013},
 pages = {17--26},
 doi = {10.1145/2493102.2493105}
}

@article{Forward12,
author = {Andrew Forward and Omar Badreddin and Timothy Lethbridge and Julian Solano},
title = {Model-driven rapid prototyping with Umple},
journal = {Software: Practice and Experience},
volume = {42},
number = {7},
pages = {781--797},
doi = {10.1002/spe.1155},
year = {2012}
}


@article{Jakumeit14,
title = {A survey and comparison of transformation tools based on the transformation tool contest},
journal = {Science of Computer Programming},
volume = {85, Part A},
number = {0},
pages = {41-99},
year = {2014},
note = {Special issue on Experimental Software Engineering in the Cloud(ESEiC)},
author = {Edgar Jakumeit and Sebastian Buchwald and Dennis Wagelaar and Li Dan and \'Abel Heged\"us and Markus Herrmannsd\"orfer and Tassilo Horn and Elina Kalnina and Christian Krause and Kevin Lano and Markus Lepper and Arend Rensink and Louis Rose and Sebastian W\"atzoldt and Steffen Mazanek}
}%doi = "http://dx.doi.org/10.1016/j.scico.2013.10.009",



@TECHREPORT{Essence14,
    author = {OMG},
    title = {Essence – Kernel and Language for Software Engineering Methods Version 1.1, SMSC/15-12-02.},
    institution = {Object Management Group},
		url = {http://www.omg.org/spec/Essence/1.1/PDF},
    year = {2015}
}

@ARTICLE{Planas09,
author={E. Planas and J. Cabot and C. G\'omez},
title={Verifying action semantics specifications in UML behavioral models},
journal={Lecture Notes in Computer Science (including subseries Lecture Notes in Artificial Intelligence and Lecture Notes in Bioinformatics)},
year={2009},
volume={5565 LNCS},
pages={125-140}
}

@MISC{vvv14,
  title = {{VVV} web page. Av at <http://vvvv.org>},
  year = {2014},
  key = {VVV, 2014},
  url = {http://vvvv.org}
}

@ARTICLE{Bosch13,
author={J. Bosch},
title={Achieving Simplicity with the Three-Layer Product Model},
journal={IEEE Computer},
year={2013},
volume={46},
number={11},
pages={34-39}
}

@INPROCEEDINGS{Parnas94,
year={1994},
booktitle={16th International Conference on Software Engineering},
series={ICSE 16},
title={Software Aging},
author={D.L. Parnas},
pages={279-287}
}%doi={10.1007/978-3-319-11653-2_11},


@ARTICLE{Perry92,
title={Foundations for the Study of Software Architecture},
author={D.E. Perry and A.L. Wolf},
journal={ACM SIGSOFT Software Eng. Notes},
year={1992},
volume={17},
number={4},
pages={40-52}
}

@INPROCEEDINGS{Heijstek11,
author={W. Heijstek and T. Kuhne and M.R.V. Chaudron},
booktitle={Empirical Software Engineering and Measurement (ESEM), 2011 International Symposium on},
title={Experimental Analysis of Textual and Graphical Representations for Software Architecture Design},
year={2011},
pages={167-176},
doi={10.1109/ESEM.2011.25}
}


@MISC{CFPSoSym15,
  title = {{CFP: SoSyM Journal, theme issue on multi-level modelling}},
  year = {2015},
  key = {SoSym CFP, 2015},
  url = {http://www.sosym.org/theme_issues/cfp/cfp-TI-Multi-Level-Modeling.pdf}
}

@ARTICLE{Rettig94,
title={Prototyping for Tiny Fingers},
author={Marc Rettig},
journal={Communications of the ACM},
year={1992},
volume={37},
number={4}
}


@PHDTHESIS{Koch01,
  author = {Nora Koch},
  title = {Software Engineering for Adaptive Hypermedia Systems: Reference Model,
Modeling Techniques and Development Process},
  school = {Ludwig-Maximilians-Universit�t M�nchen, UNIDRUCK Verlag.},
  year = {2001}
}


@INPROCEEDINGS{Doring11,
year={2011},
booktitle={Enterprise, Business-Process and Information Systems Modeling},
volume={81},
doi={10.1007/978-3-642-21759-3_24},
title={vBPMN: Event-Aware Workflow Variants by Weaving BPMN2 and Business Rules},
author={Markus Dohring and Birgit Zimmermann},
pages={332-341}
}

@article{Rudtsch14,
title = "Assessment of Production System Alternatives During Early Development Phase ",
journal = "Procedia Computer Science ",
volume = "28",
number = "0",
pages = "34 - 43",
year = "2014",
doi = "http://dx.doi.org/10.1016/j.procs.2014.03.005",
author = "Vinzent Rudtsch and J�rgen Gausemeier and Gerald Rehage"
}

@article{Yang08,
    author = {Fan Yang and Nitin Gupta and Chavdar Botev and Elizabeth Churchill and George Levchenko and Jayavel Shanmugasundaram},
    title = {WYSIWYG Development of Data Driven Web Applications},
    journal = {Proc. VLDB Endowment.},
    volume = {1},
    number = {1},
    pages={163--175},
    year={2008}
}

@MISC{BPMN14,
  title = {{OMG Business Process Model and Notation} Av. at <http://www.bpmn.org/>},
  year = {2014},
  key = {BPMN, 2014},
  url = {http://www.bpmn.org/}
}

@MISC{Matisse14,
  title = {{NetBeans IDE Features - Java ME and Embedded} Av. at <https://netbeans.org/features/java-on-client/java-me.html>},
  year = {2014},
  key = {Matisse, 2014},
  url = {https://netbeans.org/features/java-on-client/java-me.html}
}

@MISC{Edoc14,
  title = {{UML Profile For Enterprise Distributed Object Computing (EDOC)} Av. at <http://www.omg.org/spec/EDOC/>},
  year = {2014},
  key = {EDOC, 2014},
  url = {http://www.omg.org/spec/EDOC/}
}


@INPROCEEDINGS{Martinez11, 
author={T. Martinez-Ruiz and F. Garcia and M. Piattini and J. Munch}, 
booktitle={Software Engineering and Advanced Applications (SEAA), 2011 37th EUROMICRO Conference on}, 
title={Applying AOSE Concepts to Model Crosscutting Variability in Variant-Rich Processes}, 
year={2011}, 
pages={334-338}, 
doi={10.1109/SEAA.2011.58}
}

@article{Molina12,
title = {CIAT-GUI: A MDE-compliant environment for developing Graphical User Interfaces of information systems},
journal = {Advances in Engineering Software},
volume = {52},
pages = {10 - 29},
year = {2012},
author = {Ana I. Molina and William J. Giraldo and Jes\'us Gallardo and Miguel A. Redondo and Manuel Ortega and Guillermo Garc\'ia}
}%doi = "http://dx.doi.org/10.1016/j.advengsoft.2012.06.002",

@article{Vara12,
author = {Juan Manuel Vara and Marcos Esperanza},
title = {A framework for model-driven development of information systems: Technical decisions and lessons learned},
journal = {Journal of Systems and Software},
volume = {85},
number = {10},
pages = {2368 - 2384},
year = {2012}
}%doi = "http://dx.doi.org/10.1016/j.jss.2012.04.080"


@MISC{Fowler14,
  title = {{The New Methodology - Essay in ThoughtWorks Blog}},
  year = {2005},
  key = {Martin Fowler, 2005},
  url = {http://www.martinfowler.com/articles/newMethodology.html}
}


@BOOK{Fowler10,
  author = {Martin Fowler},
  title = {Domain-Specific Languages},
  publisher = {Addison-Wesley Professional},
  year = {2010}
}

@article{Moe10,
title = {A teamwork model for understanding an agile team: A case study of a Scrum project},
journal = {Information and Software Technology},
volume = {52},
number = {5},
pages = {480 - 491},
year = {2010},
author = {Nils Brede Moe and Torgeir Dingsoyr and Tore Dyba}
}%doi = "http://dx.doi.org/10.1016/j.infsof.2009.11.004",

@MISC{FDD14,
  title = {{Feature Driven Development}},
  year = {2014},
  key = {Nebulon Pty. Ltd. website, 2014},
  url = {http://www.featuredrivendevelopment.com/}
}

@INPROCEEDINGS{Chowdhury11,
author={Ashraf Ferdouse Chowdhury and Mohammad Nazmul Huda},
booktitle={Computer Science and Network Technology (ICCSNT), 2011 International Conference on},
title={Comparison Between Adaptive Software Development and Feature Driven Development},
year={2011},
pages={363-367},
doi={10.1109/ICCSNT.2011.6181977}
}

@INPROCEEDINGS{Molina02,
year={2002},
booktitle={Computer-Aided Design of User Interfaces III},
title={JUST-UI: A User Interface Specification Model},
author={Pedro J. Molina and Santiago Meli\'a and Oscar Pastor},
pages={63-74}
}%doi={10.1007/978-94-010-0421-3_5},

@MISC{RubyOnRails14,
  title = {{Wuby on Rails Home Page}},
  year = {2014},
  key = {Ruby on Rails Webpage, 2014},
  url = {http://www.rubyonrails.com.br/}
}

@MISC{RGrails14,
  title = {{Grails Home Page}},
  year = {2014},
  key = {Grails Webpage, 2014},
  url = {http://www.grail.org/}
}

@inproceedings{Aranda12,
 author = {J. Aranda and D. Damian and A. Borici},
 title = {Transition to Model-Driven Engineering},
 booktitle = {Model Driven Engineering Languages and Systems},
 series = {MODELS 2012},
 year = {2012},
 pages = {692-708}
}

@inproceedings{Hebig13,
 author = {R. Hebig and H. Giese and F. Stallmann and and A. Seibel},
 title = {On the Complex Nature of MDE Evolution},
 booktitle = {Model Driven Engineering Languages and Systems},
 series = {MODELS 2013},
 year = {2013},
 pages = {436-453},
 doi = {10.1007/978-3-642-41533-3_27}
}

@incollection{Batory08,
year={2008},
booktitle={Model Driven Engineering Languages and Systems},
doi={10.1007/978-3-540-87875-9_1},
title={The Objects and Arrows of Computational Design},
author={Don Batory and Maider Azanza and Jo\~ao Saraiva},
pages={1-20}
}


@incollection{Bezivin10,
year={2010},
booktitle={Software Language Engineering},
volume={5969},
series={Lecture Notes in Computer Science},
editor={van den Brand, Mark and Gašević, Dragan and Gray, Jeff},
doi={10.1007/978-3-642-12107-4_2},
title={If MDE Is the Solution, Then What Is the Problem?},
publisher={Springer Berlin Heidelberg},
author={Jean B\'ezivin},
pages={2-2}
}



@article{Thum14,
 author = {Thomas Th\"{u}m and Sven Apel and Christian K\"{a}stner and Ina Schaefer and Gunter Saake},
 title = {A Classification and Survey of Analysis Strategies for Software Product Lines},
 journal = {ACM Comput. Surv.},
 issue_date = {July 2014},
 volume = {47},
 number = {1},
 month = jun,
 year = {2014},
 issn = {0360-0300},
 pages = {6:1--6:45},
 articleno = {6},
 numpages = {45},
 doi = {10.1145/2580950}
} 


@article{Espinazo15,
year={2015},
issn={1619-1366},
journal={Software \& Systems Modeling},
volume={14},
number={1},
doi={10.1007/s10270-013-0326-8},
title={A repository for scalable model management},
publisher={Springer Berlin Heidelberg},
author={Javier Espinazo Pag\'an and Jes\'us S\'anchez Cuadrado and Jes\'us Garc\'ia},
pages={219-239}
}

@ARTICLE{Cuadrado14, 
author={J. Sanchez Cuadrado and E. Guerra and J. De Lara}, 
journal={IEEE Transactions on Software Engineering}, 
title={A Component Model for Model Transformations}, 
year={2014}, 
month={Nov}, 
volume={40}, 
number={11}, 
pages={1042-1060}, 
doi={10.1109/TSE.2014.2339852}
}


@incollection{Mohagheghi09,
year={2009},
isbn={978-3-642-01647-9},
booktitle={Models in Software Engineering},
volume={5421},
series={Lecture Notes in Computer Science},
editor={Michel R.V. Chaudron},
doi={10.1007/978-3-642-01648-6_6},
title={MDE Adoption in Industry: Challenges and Success Criteria},
publisher={Springer Berlin Heidelberg},
author={Parastoo Mohagheghi and Miguel A. Fernandez and Juan A. Martell and Mathias Fritzsche and Wasif Gilani},
pages={54-59}
}

@article{Biehl14,
year={2014},
issn={1619-1366},
journal={Software \& Systems Modeling},
volume={13},
number={2},
doi={10.1007/s10270-012-0275-7},
title={On the modeling and generation of service-oriented tool chains},
url={http://dx.doi.org/10.1007/s10270-012-0275-7},
publisher={Springer Berlin Heidelberg},
author={Matthias Biehl and Jad El-Khoury and Fr\'ed\'eric Loiret and Martin T\"orngren},
pages={461-480},
language={English}
}

@INPROCEEDINGS{Zhang14,
author={Weiqing Zhang and Birger Moller-Pedersen},
booktitle={Model-Driven Engineering and Software Development (MODELSWARD), 2014 2nd International Conference on},
title={Modeling of tool integration resources with OSLC support},
year={2014},
month={Jan},
pages={99-110}
}


@INPROCEEDINGS{Wang09, 
author={Youyuan Wang}, 
booktitle={Second International Symposium on Electronic Commerce and Security, 2009. ISECS '09.}, 
title={A Modeling for Information Integration of Design Chain Using Ontology and Web Services}, 
year={2009}, 
volume={2}, 
pages={423-426},  
doi={10.1109/ISECS.2009.119}
}

@INPROCEEDINGS{Suzuki12, 
author={J. Suzuki and D.H. Phan and M. Higuchi and Y. Yamano and K. Oba}, 
booktitle={2012 Joint 6th International Conference on Soft Computing and Intelligent Systems (SCIS) and 13th International Symposium on Advanced Intelligent Systems (ISIS)}, 
title={Model-driven integration for a service placement optimizer in a sustainable cloud of clouds}, 
year={2012}, 
pages={301-306},  
doi={10.1109/SCIS-ISIS.2012.6505344}
}


@BOOK{WOHLIN99,
  author = {C. WOHLIN and P. RUNESON and M. H\"OST},
  title = {Experimentation in Software Engineering: An Introduction},
  publisher = {Springer; 1 edition},
  year = {1999}
}


@incollection{Grigera12,
year={2012},
booktitle={Web Engineering},
volume={7387},
series={Lecture Notes in Computer Science},
doi={10.1007/978-3-642-31753-8_15},
title={From Requirements to Web Applications in an Agile Model-Driven Approach},
publisher={Springer Berlin Heidelberg},
author={Juli\'an Grigera and Jos\'eMat\'ias Rivero and Esteban Robles Luna and Franco Giacosa and Gustavo Rossi},
pages={200-214}
}


@MISC{IFML15,
  title = {{Interaction Flow Modeling Language (IFML)}},
  year = {2015},
  key = {IFML, 2015},
  url = {http://www.omg.org/spec/IFML/}
}


@inproceedings{Busch12,
 author = {Marianne Busch and Nora Koch and Massimiliano Masi and Rosario Pugliese and Francesco Tiezzi},
 title = {Towards Model-driven Development of Access Control Policies for Web Applications},
 booktitle = {Workshop on Model-Driven Security},
 series = {MDsec '12},
 year = {2012},
 pages = {4:1--4:6},
 doi = {10.1145/2422498.2422502}
} 

@INPROCEEDINGS{Melia08,
author={S. Melia and J. Gomez and S. Perez and O. Diaz},
booktitle={Web Engineering, 2008. ICWE '08. Eighth International Conference on},
title={A Model-Driven Development for GWT-Based Rich Internet Applications with OOH4RIA},
year={2008},
pages={13-23},
doi={10.1109/ICWE.2008.36}
}


@article{Ginzburg09,
author = {J. Ginzburg and D. Distante G. Rossi and M. Urbieta},
title = {Oblivious integration of volatile functionality in web application interfaces},
journal = {Journal of Web Engineering},
volume = {8},
number = {1},
pages = {25-47},
year = {2009}
}

@INPROCEEDINGS{Batory00,
    author={D. Batory and R. Cardone and Y. Smaragdakis},
    booktitle={Proc. of the First Software Product Line Conference},
    series={SPLC 2000},
    title={Object-Oriented Frameworks and Product Lines},
    year={2000},
    pages={227-247}
}


@article{Oliveira04,
 author = {Toacy C. Oliveira and Paulo S.C. Alencar and Ivan M. Filho and Carlos J.P. de Lucena and Donald D. Cowan},
 title = {Software Process Representation and Analysis for Framework Instantiation},
 journal = {IEEE Transactions on Software Engineering},
 issue_date = {March, 2004},
 volume = {30},
 number = {3},
 month = mar,
 year = {2004},
 pages = {146--159}
}


@inproceedings{Sun13,
    author = {Wuliang Sun and Benoit Combemale and Steven Derrien and Robert B. France},
    title = {Using Model Types to Support Contract-Aware Model Substitutability},
    booktitle = {9th European Conference on Modelling Foundations and Applications},
    series = {ECMFA'13},
    year = {2013},
    pages = {118-133}
}% doi = {10.1007/978-3-642-39013-5_9}


@inproceedings{Vacchi13,
    author = {Edoardo Vacchi and Walter Cazzola and Suresh Pillay and Benoit Combemale},
    title = {Variability Support in Domain-Specific Language Development},
    booktitle = {6th International Conference on Software Language Engineering},
    series = {SLE'13},
    year = {2013},
    pages = {76-95}
}% doi = {10.1007/978-3-319-02654-1_5}

@INPROCEEDINGS{Dohring11,
year={2011},
booktitle={Enterprise, Business-Process and Information Systems Modeling},
volume={81},
doi={10.1007/978-3-642-21759-3_24},
title={vBPMN: Event-Aware Workflow Variants by Weaving BPMN2 and Business Rules},
author={Markus Dohring and Birgit Zimmermann},
pages={332-341}
}

@ARTICLE{Jacobson12,
author={Ivar Jacobson and Pan-Wei Ng and Paul E. McMahon and Ian Spence and Svante Lidman},
journal={ACMQUEUE. Development 9. Networks},
title={The Essence of Software Engineering: The SEMAT Kernel. A Thinking Framework in the Form of an Actionable Kernel.},
year={2012},
volume={10},
number={10},
pages={1-12}
}


@inproceedings{Rivera09,
    author = {J. E. Rivera and D. Ruiz-Gonzalez and F. Lopez-Romero and J. Bautista and A. Vallecillo},
    title = {Orchestrating ATL model transformations},
    booktitle = {Eur. Conf. Model. Found. Appl.},
    year = {2009},
    pages = {34-46}
}


@article{Vignaga13,
year={2013},
issn={1619-1366},
journal={Software \& Systems Modeling},
volume={12},
number={1},
doi={10.1007/s10270-011-0191-2},
title={Typing artifacts in megamodeling},
publisher={Springer-Verlag},
author={Andr\'es Vignaga and Fr\'ed\'eric Jouault and Mar\'ia Cecilia Bastarrica and Hugo Bruneli\`ere},
pages={105-119}
}

@article{Kusel15,
year={2015},
issn={1619-1366},
journal={Software \& Systems Modeling},
volume={14},
number={2},
doi={10.1007/s10270-013-0343-7},
title={Reuse in model-to-model transformation languages: are we there yet?},
publisher={Springer Berlin Heidelberg},
author={A. Kusel and J. Sch\"onb\"ock and M. Wimmer and G. Kappel and W. Retschitzegger and W. Schwinger},
pages={537-572}
}

@incollection{Lucio13,
year={2013},
isbn={978-3-642-38910-8},
booktitle={SDL 2013: Model-Driven Dependability Engineering},
volume={7916},
series={Lecture Notes in Computer Science},
editor={Khendek, Ferhat and Toeroe, Maria and Gherbi, Abdelouahed and Reed, Rick},
title={FTG+PM: An Integrated Framework for Investigating Model Transformation Chains},
publisher={Springer Berlin Heidelberg},
author={Levi L\'ucio and Sadaf Mustafiz and Joachim Denil and Hans Vangheluwe and Maris Jukss},
pages={182-202}
}

@article{Garces14,
year={2014},
issn={1619-1366},
journal={Software \& Systems Modeling},
volume={13},
number={2},
doi={10.1007/s10270-012-0297-1},
title={Adapting transformations to metamodel changes via external transformation composition},
url={http://dx.doi.org/10.1007/s10270-012-0297-1},
publisher={Springer Berlin Heidelberg},
keywords={Model-driven engineering; Metamodel evolution; Transformation adaptation},
author={Kelly Garc\'es and Juan M. Vara and Fr\'éd\'eric Jouault and Esperanza Marcos},
pages={789-806},
language={English}
}

@inproceedings{Alvarez13,
 author = {Camilo Alvarez and Rubby Casallas},
 title = {MTC Flow: A Tool to Design, Develop and Deploy Model Transformation Chains},
 booktitle = {Workshop on ACadeMics Tooling with Eclipse},
 series = {ACME '13},
 year = {2013},
 isbn = {978-1-4503-2036-8},
 location = {Montpellier, France},
 pages = {7:1--7:9},
 articleno = {7},
 numpages = {9},
 doi = {10.1145/2491279.2491286}
} 


@article{Etien13,
year={2013},
issn={1619-1366},
journal={Software \& Systems Modeling},
doi={10.1007/s10270-013-0379-8},
title={Localized model transformations for building large-scale transformations},
publisher={Springer Berlin Heidelberg},
author={Anne Etien and Alexis Muller and Thomas Legrand and Richard F. Paige},
pages={1-25}
}

@INPROCEEDINGS{Castellanos14,
author={C. Castellanos and E. Borde and L. Pautet and T. Vergnaud and T. Derive},
booktitle={Software Engineering and Advanced Applications (SEAA), 2014 40th EUROMICRO Conference on},
title={Automatic Production of Transformation Chains Using Structural Constraints on Output Models},
year={2014},
month={Aug},
pages={158-165},
doi={10.1109/SEAA.2014.13}
}

@incollection{Florian10,
year={2010},
isbn={978-3-642-13687-0},
booktitle={Theory and Practice of Model Transformations},
volume={6142},
series={Lecture Notes in Computer Science},
editor={Tratt, Laurence and Gogolla, Martin},
doi={10.1007/978-3-642-13688-7_8},
title={Safe Composition of Transformations},
publisher={Springer Berlin Heidelberg},
author={Florian Heidenreich and Jan Kopcsek and Uwe Aßmann},
pages={108-122}
}


@article{Torchiano13,
 author = {Marco Torchiano and Federico Tomassetti and Filippo Ricca and Alessandro Tiso and Gianna Reggio},
 title = {Relevance, Benefits, and Problems of Software Modelling and Model Driven techniques-A Survey in the Italian Industry},
 journal = {J. Syst. Softw.},
 issue_date = {August, 2013},
 volume = {86},
 number = {8},
 month = {aug},
 year = {2013},
 issn = {0164-1212},
 pages = {2110--2126},
 numpages = {17},
 doi = {10.1016/j.jss.2013.03.084}
} 


@article{Romero07,
 author = {J.R. Romero and J.E. Rivera and F. Dur\'an and A. Vallecillo},
 title = {Formal and tool support for model driven engineering with Maude},
 journal = {Journal of Object Technology},
 volume = {6},
 number = {9},
 year = {2007},
 pages = {187-207}
} 


@article{Mellor02,
 author = {Mellor, Stephen J.},
 title = {Make Models Be Assets},
 journal = {Commun. ACM},
 issue_date = {November 2002},
 volume = {45},
 number = {11},
 month = nov,
 year = {2002},
 issn = {0001-0782},
 pages = {76--78},
 numpages = {3},
 url = {http://doi.acm.org/10.1145/581571.581597},
 doi = {10.1145/581571.581597},
 acmid = {581597},
 publisher = {ACM},
 address = {New York, NY, USA},
} 


@inproceedings{Greenfield03,
 author = {Jack Greenfield and Keith Short},
 title = {Software Factories: Assembling Applications with Patterns, Models, Frameworks and Tools},
 booktitle = {Companion of the 18th Annual ACM SIGPLAN Conference on Object-oriented Programming, Systems, Languages, and Applications},
 series = {OOPSLA '03},
 year = {2003},
 isbn = {1-58113-751-6},
 location = {Anaheim, CA, USA},
 pages = {16--27},
 doi = {10.1145/949344.949348}
} 

@inproceedings{Selic05,
 author = {Bran Selic},
 title = {On Software Platforms, Their Modelling with UML 2, and Platform-Independent Design},
 booktitle = {8th IEEE International Symposium on Object-Oriented Real-Time Distributed Computing},
 series = {ISORC'05},
 year = {2005},
 location = {Seattle, USA},
 pages = {15-21}
} 

@TECHREPORT{Selic98,
    author = {B. Selic and J. Rumbaugh},
    title = {Using UML for Modelling Complex Real-Time Systems},
    institution = {Rational},
    year = {1998},
    url = {www.dcc.ttu.ee/LAP/ISP0011/umlrt.pdf}
}

@INPROCEEDINGS{Kolovos08,
 author = {D.S. Kolovos and R.F. Paige and F. Polack},
 title = {The Epsilon Transformation Language},
 booktitle = {International Conference on Model Transformation},
 series = {ICMT 2008},
 year = {208},
 pages = {46-60}
}

@INPROCEEDINGS{Kolovos06,
year={2006},
booktitle={Model Driven Architecture Foundations and Applications},
doi={10.1007/11787044_11},
title={The Epsilon Object Language (EOL)},
author={Dimitrios S. Kolovos and Richard F. Paige and Fiona A.C. Polack},
pages={128-142}
}


@MISC{MOFScript15,
  title = {{MOFScript Home page}},
  year = {2015},
  key = {MOFScript, 2015},
  url = {http://eclipse.org/gmt/mofscript/}
}

@incollection{Mussbacher13,
year={2013},
isbn={978-3-642-41532-6},
booktitle={Model-Driven Engineering Languages and Systems},
volume={8107},
series={Lecture Notes in Computer Science},
editor={Moreira, Ana and Schätz, Bernhard and Gray, Jeff and Vallecillo, Antonio and Clarke, Peter},
doi={10.1007/978-3-642-41533-3_37},
title={Concern-Oriented Software Design},
url={http://dx.doi.org/10.1007/978-3-642-41533-3_37},
publisher={Springer Berlin Heidelberg},
author={Omar Alam and Jörg Kienzle and Gunter Mussbacher},
pages={604-621},
language={English}
}

@TECHREPORT{Ambler15a,
  author = {S. W. Ambler},
  title = {A Roadmap for Agile MDA. Available at <http://www.agilemodeling.
com/essays/agileMDA.htm>},
  institution = {Agile Modeling},
  year = {2015}
}

@TECHREPORT{Ambler15b,
  author = {S. W. Ambler},
  title = {Approaches to Agile Model Driven Development (AMDD).},
  institution = {Agile Modeling},
  year = {2015},
	url={http://www.agilemodeling.com/essays/amddApproaches.htm}
}%Available at <http://www.agilemodeling.com/essays/amddApproaches.htm>


@INPROCEEDINGS{Kulkarni11,
year={2011},
booktitle={Model-Driven Engineering Languages and Systems},
title={Early experience with agile methodology in a model-driven approach},
author={V. Kulkarni and S. Barat and U. Ramteerthkar},
pages={578–590}
}

@ARTICLE{Zhang11,
author={Yuefeng Zhang and S. Patel},
journal={Software, IEEE},
title={Agile Model-Driven Development in Practice},
year={2011},
month={March},
volume={28},
number={2},
pages={84-91}
}

@article{Agner13,
 author = {Luciane Telinski Wiedermann Agner and Inali Wisniewski Soares and Paulo C{\'e}Zar Stadzisz and Jean Marcelo Sim\~{a}O},
 title = {A Brazilian Survey on UML and Model-driven Practices for Embedded Software Development},
 journal = {J. Syst. Softw.},
 issue_date = {April, 2013},
 volume = {86},
 number = {4},
 month = apr,
 year = {2013},
 doi = {10.1016/j.jss.2012.11.023}
}


@article{Fleurey09,
year={2009},
issn={1619-1366},
journal={Software \& Systems Modeling},
volume={8},
number={2},
doi={10.1007/s10270-007-0074-8},
title={Qualifying input test data for model transformations},
url={http://dx.doi.org/10.1007/s10270-007-0074-8},
publisher={Springer-Verlag},
author={Franck Fleurey and Benoit Baudry and Pierre-Alain Muller and YvesLe Traon},
pages={185-203},
language={English}
}

@MISC{SPTP15url,
  title = {{UML Profile For Schedulability, Performance, And Time}},
  year = {2002},
  key = {SPTP, 2015},
  url = {http://www.omg.org/spec/SPTP/}
}

@TECHREPORT{SPTP15,
    author = {OMG},
    title = {{UML Profile For Schedulability, Performance, And Time}},
    institution = {Object Management Group},
    year = {2002},
    url = {http://www.omg.org/spec/SPTP/}
}

@INPROCEEDINGS{Lucas14, 
author={E. Lucas and D. Schneider and T. Oliveira and J. deSouza}, 
booktitle={2014 IEEE 18th International Conference on Computer Supported Cooperative Work in Design (CSCWD),}, 
title={Investigating the collaborative support in CollabRDL: An analysis based on the 3C model}, 
year={2014}, 
pages={529-534}, 
doi={10.1109/CSCWD.2014.6846900}
}

@ARTICLE{Selic:2003,
author={B. Selic},
journal={Software, IEEE}, 
title={The pragmatics of model-driven development},
year={2003},
month={sept.-oct.},
volume={20},
number={5},
pages={19 - 25},
doi={10.1109/MS.2003.1231146},
ISSN={0740-7459}
}

@incollection{Rothenberg:1989,
 author = {Rothenberg, J.},
 chapter = {The Nature of Modeling},
 title = {Artificial Intelligence, Simulation \&Amp; Modeling},
 editor = {Widman, Lawrence E. and Loparo, Kenneth A. and Nielsen, Norman R.},
 year = {1989},
 isbn = {0-471-60599-9},
 pages = {75--92},
 numpages = {18},
 url = {http://dl.acm.org/citation.cfm?id=73119.73122},
 acmid = {73122},
 publisher = {John Wiley \& Sons, Inc.},
 address = {New York, NY, USA},
}
 
@book{Zhao:2004,
    author = {Zhao, Feng and Guibas, Leonidas},
    howpublished = {Hardcover},
    isbn = {1558609148},
    keywords = {sensor},
    month = jul,
    posted-at = {2007-09-03 02:51:01},
    priority = {2},
    publisher = {{Morgan Kaufmann}},
    title = {{Wireless Sensor Networks: An Information Processing Approach (The Morgan Kaufmann Series in Networking)}},
    url = {http://www.amazon.com/exec/obidos/redirect?tag=citeulike07-20\&path=ASIN/1558609148},
    year = {2004}
}

@inproceedings{Middleware:2003,
 author = {Middleware Company},
 title = {Model Driven Development for J2EE Utilizing a Model Driven Architecture (MDA) Approach},
 year = {2003},
 }


@book{Herrington:2003,
 author = {Herrington, Jack},
 title = {Code Generation in Action},
 year = {2003},
 isbn = {1930110979},
 publisher = {Manning Publications Co.},
 address = {Greenwich, CT, USA},
} 

@article{Mottola:2011,
 author = {Luca Mottola and Gian Pietro Picco},
 title = {Programming wireless sensor networks: Fundamental concepts and state of the art},
 journal = {ACM Comput. Surv.},
 issue_date = {April 2011},
 volume = {43},
 number = {3},
 month = apr,
 year = {2011},
 issn = {0360-0300},
 pages = {19:1--19:51},
 articleno = {19},
 numpages = {51},
 doi = {10.1145/1922649.1922656}
} 

@INPROCEEDINGS{Favre04towardsa,
    author = {Jean-marie Favre and Tam NGuyen},
    title = {Towards a Megamodel to Model Software Evolution through Transformations},
    booktitle = {SETRA Workshop, Elsevier ENCTS},
    year = {2004},
    pages = {59--74}
}


@MISC{Obeo15url,
  title = {{Obeo Designer}},
  year = {2015},
  key = {Obeo, 2015},
  url = {http://www.obeodesigner.com/}
}

@techreport{Obeo15,
  TITLE = {{Evaluation of Modeling Tools Adaptation}},
  AUTHOR = {Amine El Kouhen and Cedric Dumoulin and S{\'e}bastien Gerard and Pierre Boulet},
  URL = {https://hal.archives-ouvertes.fr/hal-00706701},
  YEAR = {2012},
  MONTH = Jan,  
  HAL_ID = {hal-00706701},
  HAL_VERSION = {v2},
}%PDF = {https://hal.archives-ouvertes.fr/hal-00706701/file/Evaluation_of_Modeling_Tools_Adaptation.pdf},


@INPROCEEDINGS{Atom3,
    author = {Juan de Lara and Hans Vangheluwe},
    title = {Using AToM3 as a meta-case tool.},
    booktitle = {4th International Conference on Enterprise Information Systems (ICEIS)},
    year = {2002},
    pages = {642-649}
}

@MISC{Atom3Url,
  title = {{AToM3 Web Page}},
  year = {2017},
  key = {MSDL},
  url = {http://atom3.cs.mcgill.ca/}
}



@book{DSLTools,
 author = {Steve Cook and Gareth Jones and Stuart Kent and Alan Wills},
 title = {Domain-specific Development with Visual Studio Dsl Tools},
 year = {2007},
 isbn = {9780321398208},
 edition = {First},
 publisher = {Addison-Wesley Professional}
} 


@article{Peffers07,
 author = {Ken Peffers and Tuure Tuunanen and Marcus Rothenberger and Samir Chatterjee},
 title = {A Design Science Research Methodology for Information Systems Research},
 journal = {J. Manage. Inf. Syst.},
 issue_date = {Number 3 / Winter 2007-2008},
 volume = {24},
 number = {3},
 month = dec,
 year = {2007},
 issn = {0742-1222},
 pages = {45--77},
 doi = {10.2753/MIS0742-1222240302}
}


@article{Lemos13,
 author = {Ot\'{a}Vio Augusto Lazzarini Lemos and Fabiano Cutigi Ferrari and Marcelo Medeiros Eler and Jos{\'e} Carlos Maldonado and Paulo Cesar Masiero},
 title = {Evaluation Studies of Software Testing Research in Brazil and in the World: A Survey of Two Premier Software Engineering Conferences},
 journal = {J. Syst. Softw.},
 issue_date = {April, 2013},
 volume = {86},
 number = {4},
 month = apr,
 year = {2013},
 issn = {0164-1212},
 pages = {951--969},
 doi = {10.1016/j.jss.2012.11.040}
} 


@article{Lemos11,
 author = {Ot\'{a}vio Augusto Lazzarini Lemos and Paulo Cesar Masiero},
 title = {A Pointcut-based Coverage Analysis Approach for Aspect-oriented Programs},
 journal = {Inf. Sci.},
 issue_date = {July, 2011},
 volume = {181},
 number = {13},
 month = jul,
 year = {2011},
 issn = {0020-0255},
 pages = {2721--2746},
 doi = {10.1016/j.ins.2010.06.003}
}

@inproceedings{Burger13,
 author = {Erik Burger},
 title = {Flexible Views for Rapid Model-driven Development},
 booktitle = {1st Workshop on View-Based, Aspect-Oriented and Orthographic Software Modelling},
 series = {VAO '13},
 year = {2013},
 isbn = {978-1-4503-2070-2},
 location = {Montpellier, France},
 pages = {1:1--1:5},
 articleno = {1},
 url = {http://doi.acm.org/10.1145/2489861.2489863},
 doi = {10.1145/2489861.2489863}
} 

@article{Burger14,
year={2014},
issn={1619-1366},
journal={Software \& Systems Modeling},
doi={10.1007/s10270-014-0413-5},
title={View-based model-driven software development with ModelJoin},
publisher={Springer Berlin Heidelberg},
author={Erik Burger and Jörg Henss and Martin Küster and Steffen Kruse and Lucia Happe},
pages={1-24}
}


@incollection{Hamid14,
year={2014},
isbn={978-3-319-11586-3},
booktitle={Model and Data Engineering},
volume={8748},
series={Lecture Notes in Computer Science},
doi={10.1007/978-3-319-11587-0_5},
title={A Model-Driven Methodology Approach for Developing a Repository of Models},
url={http://dx.doi.org/10.1007/978-3-319-11587-0_5},
publisher={Springer International Publishing},
author={Brahim Hamid},
pages={29-44}
}


@incollection{Couto14,
year={2014},
isbn={978-3-319-09152-5},
booktitle={Computational Science and Its Applications – ICCSA 2014},
volume={8584},
series={Lecture Notes in Computer Science},
doi={10.1007/978-3-319-09153-2_1},
title={The Modelery: A Collaborative Web Based Repository},
publisher={Springer International Publishing},
author={Rui Couto and Ant\'onio Nestor Ribeiro and Jos\'e Creissac Campos},
pages={1-16}
}

@INPROCEEDINGS{Dyck14,
author={Andrej Dyck and Andreas Ganser and Horst Lichter},
booktitle={Model-Driven Engineering and Software Development (MODELSWARD), 2014 2nd International Conference on},
title={A framework for model recommenders requirements, architecture and tool support},
year={2014},
month={Jan},
pages={282-290}
}



@incollection{Tran13,
year={2013},
booktitle={Computational Science and Its Applications – ICCSA 2013},
volume={7973},
series={Lecture Notes in Computer Science},
doi={10.1007/978-3-642-39646-5_12},
title={Multi Back-Ends for a Model Library Abstraction Layer},
publisher={Springer Berlin Heidelberg},
author={NgocViet Tran and Andreas Ganser and Horst Lichter},
pages={160-174}
}

@incollection{Aßmann06,
year={2006},
isbn={978-3-540-34517-6},
booktitle={Ontologies for Software Engineering and Software Technology},
editor={Calero, Coral and Ruiz, Francisco and Piattini, Mario},
doi={10.1007/3-540-34518-3_9},
title={Ontologies, Meta-models, and the Model-Driven Paradigm},
publisher={Springer Berlin Heidelberg},
author={Uwe Aßmann and Steffen Zschaler and Gerd Wagner},
pages={249-273}
}

@INPROCEEDINGS{Voelter07b,
author={M. Voelter and I. Groher},
booktitle={Software Product Line Conference, 2007. SPLC 2007. 11th International},
title={Product Line Implementation using Aspect-Oriented and Model-Driven Software Development},
year={2007},
month={Sept},
pages={233-242},
doi={10.1109/SPLINE.2007.23}
}

%Gorschek, T.; Tempero, E. & Angelis, L. On the use of software design models in software development practice: An empirical investigation Journal of Systems and Software, 2014, 95, 176-193



@article{Leitch89,
title = {Task dependent tools for intelligent automation},
journal = {Artificial Intelligence in Engineering},
volume = {4},
number = {3},
pages = {126 - 143},
year = {1989},
note = {},
issn = {0954-1810},
doi = {http://dx.doi.org/10.1016/0954-1810(89)90009-5},
url = {http://www.sciencedirect.com/science/article/pii/0954181089900095},
author = {Roy Leitch and Alberto Stefanini}
}
@inproceedings{toala2018evaluating,
  title={Evaluating the Impact of Developers’ Personality on the Intention to Adopt Model-Driven Web Engineering Approaches: An Observational Study},
  author={Toala, Glenda and Di{\'e}guez, Mauricio and Cachero, Cristina and Meli{\'a}, Santiago},
  booktitle={International Conference on Web Engineering},
  pages={3--16},
  year={2018},
  organization={Springer}
}
@inproceedings{Petersen2008,
 author = {Kai Petersen and Robert Feldt and Shahid Mujtaba and Michael Mattsson},
 title = {Systematic Mapping Studies in Software Engineering},
 booktitle = {12th International Conference on Evaluation and Assessment in Software Engineering},
 series = {EASE'08},
 year = {2008},
 location = {Italy},
 pages = {68--77}
}


@incollection{Wagelaar11,
year={2011},
isbn={978-3-642-24484-1},
booktitle={Model Driven Engineering Languages and Systems},
volume={6981},
series={Lecture Notes in Computer Science},
editor={Whittle, Jon and Clark, Tony and Kühne, Thomas},
doi={10.1007/978-3-642-24485-8_46},
title={Towards a General Composition Semantics for Rule-Based Model Transformation},
url={http://dx.doi.org/10.1007/978-3-642-24485-8_46},
publisher={Springer Berlin Heidelberg},
author={Dennis Wagelaar and Massimo Tisi and Jordi Cabot and Fr\'ed\'eric Jouault},
pages={623-637}
}

@INPROCEEDINGS{Lopes06, 
author={D. Lopes and S. Hammoudi and J. de Souza and A. Bontempo}, 
booktitle={International Conference on Software Engineering Advances}, 
title={Metamodel Matching: Experiments and Comparison}, 
year={2006}, 
month={Oct}, 
pages={2-2}, 
doi={10.1109/ICSEA.2006.261258}
}


@article{Caplat05,
author = {Guy Caplat and Jean-Louis Sourrouille},
title = {Model Mapping Using Formalism Extensions},
journal ={IEEE Software},
volume = {22},
number = {2},
issn = {0740-7459},
year = {2005},
pages = {44-51},
doi = {http://doi.ieeecomputersociety.org/10.1109/MS.2005.45}
}

@article{Levendovszky05,
 author = {Tiham{\'e}r Levendovszky and L\'{a}szl\'{o} Lengyel and Gergely Mezei and Hassan Charaf},
 title = {A Systematic Approach to Metamodeling Environments and Model Transformation Systems in VMTS},
 journal = {Electron. Notes Theor. Comput. Sci.},
 issue_date = {March, 2005},
 volume = {127},
 number = {1},
 month = mar,
 year = {2005},
 issn = {1571-0661},
 pages = {65--75},
 url = {http://dx.doi.org/10.1016/j.entcs.2004.12.040},
 doi = {10.1016/j.entcs.2004.12.040}
}


@incollection{Fischer05,
year={2005},
isbn={978-3-540-26612-9},
booktitle={SDL 2005: Model Driven},
volume={3530},
series={Lecture Notes in Computer Science},
editor={Prinz, Andreas and Reed, Rick and Reed, Jeanne},
doi={10.1007/11506843_1},
title={ULF-Ware – An Open Framework for Integrated Tools for ITU-T Languages},
url={http://dx.doi.org/10.1007/11506843_1},
publisher={Springer Berlin Heidelberg},
author={Joachim Fischer and Andreas Kunert and Michael Piefel and Markus Scheidgen},
pages={1-15}
}

@INPROCEEDINGS{Mascarenhas13, 
author={A.P. Fontes Magalhaes Mascarenhas and A.M.S. Andrade and R.S. Pitangueira Maciel}, 
booktitle={Software Components, Architectures and Reuse (SBCARS), 2013 VII Brazilian Symposium on}, 
title={MTP: Model Transformation Profile}, 
year={2013}, 
month={Sept}, 
pages={109-118},
doi={10.1109/SBCARS.2013.22}
}


@incollection{Roychoudhury11,
year={2011},
isbn={978-3-642-22030-2},
booktitle={Transactions on Aspect-Oriented Software Development VIII},
volume={6580},
series={Lecture Notes in Computer Science},
doi={10.1007/978-3-642-22031-9_1},
title={A Model-Driven Framework for Aspect Weaver Construction},
url={http://dx.doi.org/10.1007/978-3-642-22031-9_1},
publisher={Springer Berlin Heidelberg},
author={Suman Roychoudhury and Jeff Gray and Fr\'ed\'eric Jouault},
pages={1-45}
}

@article{Bendraou08,
year={2008},
issn={1619-1366},
journal={Software \& Systems Modeling},
volume={7},
number={3},
doi={10.1007/s10270-007-0058-8},
title={MDA Tool Components: a proposal for packaging know-how in model driven development},
url={http://dx.doi.org/10.1007/s10270-007-0058-8},
publisher={Springer-Verlag},
author={Reda Bendraou and Philippe Desfray and Marie-Pierre Gervais and Alexis Muller},
pages={329-343}
}

@incollection{Basciani14a,
year={2014},
isbn={978-3-319-11652-5},
booktitle={Model-Driven Engineering Languages and Systems},
volume={8767},
series={Lecture Notes in Computer Science},
doi={10.1007/978-3-319-11653-2_37},
title={Automated Chaining of Model Transformations with Incompatible Metamodels},
url={http://dx.doi.org/10.1007/978-3-319-11653-2_37},
publisher={Springer International Publishing},
author={Francesco Basciani and Davide Di Ruscio and Ludovico Iovino and Alfonso Pierantonio},
pages={602-618}
}


@ARTICLE{Rocco15,
author={J. Di Rocco and D. Di Ruscio and L. Iovino and A. Pierantonio},
journal={Software, IEEE},
title={Collaborative Repositories in Model-Driven Engineering [Software Technology]},
year={2015},
month={May},
volume={32},
number={3},
pages={28-34},
doi={10.1109/MS.2015.61},
ISSN={0740-7459}
}


@INPROCEEDINGS{Basciani14b,
author={Francesco  Basciani and J. Di Rocco and D. Di Ruscio and A. Di Salle and L. Iovino and A. Pierantonio},
booktitle={2nd International Workshop on Model-Driven Engineering on and for the Cloud},
series={CloudMDE 2014},
title={MDEForge: An extensible Web-based modeling platform},
year={2014},
pages={66-75}
}%month={September},

@incollection{Gorp09,
year={2009},
isbn={978-3-642-00433-9},
booktitle={Software Language Engineering},
volume={5452},
series={Lecture Notes in Computer Science},
doi={10.1007/978-3-642-00434-6_14},
title={Transformation Language Integration Based on Profiles and Higher Order Transformations},
url={http://dx.doi.org/10.1007/978-3-642-00434-6_14},
publisher={Springer Berlin Heidelberg},
author={Pieter Van Gorp and Anne Keller and Dirk Janssens},
pages={208-226}
}

@Article{Steel07,
  Title                    = {On model typing},
  Author                   = {Jim Steel and Jean-Marc J\'ez\'equel},
  Journal                  = {Software \& Systems Modeling},
  Year                     = {2007},
  Number                   = {4},
  Pages                    = {401-413},
  Volume                   = {6},
  Doi                      = {10.1007/s10270-006-0036-6},
  ISSN                     = {1619-1366},
  Publisher                = {Springer-Verlag}
}


@INPROCEEDINGS{Hebig12,
author={R. Hebig and G. Gabrysiak and H. Giese},
booktitle={Software and System Process (ICSSP), 2012 International Conference on},
title={Towards patterns for MDE-related processes to detect and handle changeability risks},
year={2012},
month={June},
pages={38-47},
doi={10.1109/ICSSP.2012.6225978}
}


@incollection{Pagan11,
year={2011},
isbn={978-3-642-24484-1},
booktitle={Model Driven Engineering Languages and Systems},
volume={6981},
series={Lecture Notes in Computer Science},
doi={10.1007/978-3-642-24485-8_7},
title={Morsa: A Scalable Approach for Persisting and Accessing Large Models},
publisher={Springer Berlin Heidelberg},
author={Javier Espinazo Pag\'an and J. S. Cuadrado and J. G. Molina},
pages={77-92}
}


@ARTICLE{Pagan14,
author={J. Espinazo Pag\'an and J. Garc\'ia Molina},
title={Querying large models efficiently},
journal={Information and Software Technology},
year={2014},
volume={56},
number={6},
pages={586-622},
doi={10.1016/j.infsof.2014.01.005}
}

@inproceedings{Wohlin14,
 author = {Claes Wohlin},
 title = {Guidelines for Snowballing in Systematic Literature Studies and a Replication in Software Engineering},
 booktitle = {18th International Conference on Evaluation and Assessment in Software Engineering},
 series = {EASE '14},
 year = {2014},
 isbn = {978-1-4503-2476-2},
 location = {London, England, United Kingdom},
 pages = {38:1--38:10},
 articleno = {38},
 numpages = {10},
 doi = {10.1145/2601248.2601268}
} 

@ARTICLE{Combemale14GMOC,
author={Benoit Combemale and Julien Deantoni and Benoit Baudry and Robert France and Jean-Marc J\'ez\'equel and Jeff Gray},
journal={IEEE Computer, Institute of Electrical and Electronics Engineers},
title={Globalizing Modeling Languages},
year={2014},
month={June},
volume={47},
number={6},
pages={68-71}
}





@INPROCEEDINGS{Monteiro14,
author={R.S. Monteiro and G. Zimbrao and J. {Moreira de Souza}},
booktitle={Computer Supported Cooperative Work in Design (CSCWD), 2014 IEEE 18th International Conference on},
title={Collaborative evolution process in MDArte: Exchanging solutions for information systems development among projects},
year={2014},
month={May},
pages={569-574},
doi={10.1109/CSCWD.2014.6846907}
}

@INPROCEEDINGS{Monteiro14b,
author={R.S. Monteiro and R.E. {Assumpcao Pinel} and  G. Zimbrao and J. {Moreira de Souza}},
booktitle={International Conference on Model-Driven Engineering and Software Development (MODELSWARD)},
title={The MDArte experience: Organizational aspects acquired from a successful partnership between government and academia using model-driven development},
year={2014},
month={May},
pages={575-586}
}




@inproceedings{Bosch09,
 author = {Jan Bosch},
 title = {From Software Product Lines to Software Ecosystems},
 booktitle = {13th International Software Product Line Conference},
 series = {SPLC '09},
 year = {2009},
 location = {San Francisco, California, USA},
 pages = {111--119}
} 


@article {Small99,
author = {Henry Small},
title = {Visualizing science by citation mapping},
journal = {Journal of the American Society for Information Science},
volume = {50},
number = {9},
publisher = {John Wiley \& Sons, Inc.},
issn = {1097-4571},
url = {http://dx.doi.org/10.1002/(SICI)1097-4571(1999)50:9<799::AID-ASI9>3.0.CO;2-G},
doi = {10.1002/(SICI)1097-4571(1999)50:9<799::AID-ASI9>3.0.CO;2-G},
pages = {799--813},
year = {1999},
}

@article{Lucio14,
year={2014},
issn={1619-1366},
journal={Software \& Systems Modeling},
doi={10.1007/s10270-014-0429-x},
title={Model transformation intents and their properties},
publisher={Springer Berlin Heidelberg},
author={Levi L\'ucio and Moussa Amrani and Juergen Dingel and Leen Lambers and Rick Salay and Gehan M.K. Selim and Eugene Syriani and Manuel Wimmer},
pages={1-38}
}


@INPROCEEDINGS{Criado15,
author={Javier Criado and Salvador Mart\'inez and Luis Iribarne and Jordi Cabot},
booktitle={International Conference on Model Transformations},
title={Enabling the reuse of stored model transformations through annotations},
year={2015},
month={July},
pages={1-15}
}

@article{Brambilla14,
title = "Large-scale Model-Driven Engineering of web user interaction: The WebML and WebRatio experience ",
journal = "Science of Computer Programming ",
volume = "89, Part B",
number = "",
pages = "71 - 87",
year = "2014",
note = "Special issue on Success Stories in Model Driven Engineering ",
doi = "http://dx.doi.org/10.1016/j.scico.2013.03.010",
author = "Marco Brambilla and Piero Fraternali"
}

@INPROCEEDINGS{Jansen09,
author={S. Jansen and A. Finkelstein and S. Brinkkemper},
booktitle={Software Engineering - Companion Volume, 2009. ICSE-Companion 2009. 31st International Conference on},
title={A sense of community: A research agenda for software ecosystems},
year={2009},
pages={187-190},
doi={10.1109/ICSE-COMPANION.2009.5070978}
}

@ARTICLE{Santos13SECO,
author={Rodrigo Pereira dos Santos and Maria Gilda P. Esteves and Gleisson de S. Freitas and Jano Moreira de Souza},
journal={Social Networking},
title={Software Ecosystems Comprehension and Evolution},
year={2013},
month={Feb},
volume={3},
number={2},
pages={108-118}
}


@Inbook{DAmbros2008,
author="D'Ambros, Marco and Gall, Harald and Lanza, Michele and Pinzger, Martin",
title="Analysing Software Repositories to Understand Software Evolution",
bookTitle="Software Evolution",
year="2008",
publisher="Springer Berlin Heidelberg",
address="Berlin, Heidelberg",
pages="37--67"
}

@TECHREPORT{Palmquist14,
    author = {Matt Palmquist},
    title = {The Amazon Model: If You Can't Beat 'Em, Work with 'Em.},
    institution = {Strategy+Business: Corporate Strategies and News Articles on Global Business, Management, Competition and Marketing},
    year = {2014},
		note={Available at: <https://www.strategy-business.com/blog/The-Amazon-Model-If-You-Cant-Beat-Em-Work-with-Em?gko=d33d3>}
}

@article{RITALA2014236,
author = "Paavo Ritala and Arash Golnam and Alain Wegmann",
title = "Coopetition-based business models: The case of Amazon.com",
journal = "Industrial Marketing Management",
volume = "43",
number = "2",
pages = "236 - 249",
year = "2014"
}

@inproceedings{Smolander2017,
 author = {Smolander, Kari and Rossi, Matti and Pekkola, Samuli},
 title = {Infrastructures, Integration and Architecting During and After Digital Transformation},
 booktitle = {Joint 5th International Workshop on Software Engineering for Systems-of-Systems and 11th Workshop on Distributed Software Development, Software Ecosystems and Systems-of-Systems},
 series = {JSOS '17},
 year = {2017},
 pages = {23--26}
} 

@book{Yin03,
    author = {Yin, R.},
    howpublished = {Inc., Thousand Oaks, CA},
    publisher = {{SAGE Publications}},
    title = {{Case Study Research: Design and Methods}},
    year = {2003}
}

@inproceedings{REMODD06,
  author    = {Robert France and James Bieman and Betty H.C. Cheng},
  title     = {CRI Collaborative Project Report: Repository for Model-Driven Development (ReMoDD)},
  booktitle = {CRI of PI Meeting},
  pages     = {27--31},
  year      = {2006}
}

@TECHREPORT{PECConsultingGroup14,
    author = {PEC Consulting Group},
    title = {Essential Study Phases to Determine Project Feasibility},
    institution = {PEC Consulting Group},
    year = {2014},
    url = {http://pecconsultinggroup.com/newsflash/essential-study-phases-to-determine-project-feasibility}
}

@TECHREPORT{MeLearning17,
    author = {MeLearning},
    title = {The six phases of project management},
    institution = {Projectmanagement-training.net},
    year = {2017},
    url = {https://www.projectmanagement-training.net/category/six-phases/}
}


@MISC{ReMoDDPPT09,
  title = {{ReMoDD PowerPoint Presentation given during MiSE 2009}},
  year = {2009},
  key = {ReMoDD PPT, 2009},
  url = {http://www.cs.colostate.edu/remodd/v1/sites/default/files/ReMoDD-MiSE09_0.ppt}
}

@inproceedings{Tolvanen2016,
 author = {Tolvanen, Juha-Pekka},
 title = {MetaEdit+ for Collaborative Language Engineering and Language Use (Tool Demo)},
 booktitle = {2016 ACM SIGPLAN International Conference on Software Language Engineering},
 series = {SLE 2016},
 year = {2016},
 location = {Amsterdam, Netherlands},
 pages = {41--45}
}

@article{Jose16,
author = {Lucian José Gonçales and Kleinner Farias and Murilo Scholl and Mauricio {Roberto Veronez} and Toacy Cavalcante {de Oliveira}},
title = {Comparison of Design Models: A Systematic Mapping Study},
journal = {International Journal of Software Engineering and Knowledge Engineering},
volume = {25},
number = {09n10},
pages = {1765-1769},
year = {2015}
}

@article{filipovic2016application,
  title={Application of Kroki Mockup Tool to Implementation of Executable CERIF Specification},
  author={Filipovi{\'c}, Milorad and Vaderna, Renata and Ivkovi{\'c}, {\v{Z}}eljko and Kaplar, Sebastijan and Vukovi{\'c}, {\v{Z}}eljko and Dejanovi{\'c}, Igor and Milosavljevi{\'c}, Gordana and Ivanovi{\'c}, Dragan},
  year={2016},
  publisher={euroCRIS}
}

@inproceedings{Farias2010,
 author = {Kleinner Farias},
 title = {Empirical Evaluation of Effort on Composing Design Models},
 booktitle = {32Nd ACM/IEEE International Conference on Software Engineering - Volume 2},
 series = {ICSE '10},
 year = {2010},
 location = {Cape Town, South Africa},
 pages = {405--408}
} 


@Inbook{OliveiraJunior2013,
author="Edson A. {Oliveira Junior} and   Maicon G. Pazin and Itana M. S. Gimenes and Uir{\'a} Kulesza and Fellipe A. Aleixo",
chapter="SMartySPEM: A SPEM-Based Approach for Variability Management in Software Process Lines",
title="Product-Focused Software Process Improvement: 14th International Conference, PROFES 2013, Paphos, Cyprus, June 12-14, 2013. ",
year="2013",
publisher="Springer Berlin Heidelberg",
address="Berlin, Heidelberg",
pages="169--183"
}%isbn="978-3-642-39259-7",doi="10.1007/978-3-642-39259-7_15",url="http://dx.doi.org/10.1007/978-3-642-39259-7_15"

@inproceedings{HurtadoAlegria2011,
 author = {Julio A. Hurtado Alegr\'{\i}a and Mar\'{\i}a Cecilia Bastarrica and Alcides Quispe and Sergio F. Ochoa},
 title = {An MDE Approach to Software Process Tailoring},
 booktitle = {2011 International Conference on Software and Systems Process},
 series = {ICSSP '11},
 year = {2011},
 location = {Waikiki, Honolulu, HI, USA},
 pages = {43--52} 
} 

@article{Rivero2014,
title = "Mockup-Driven Development: Providing agile support for Model-Driven Web Engineering ",
journal = "Information and Software Technology ",
volume = "56",
number = "6",
pages = "670-687",
year = "2014",
author = "Jos\'e Mat\'ias Rivero and Juli\'an Grigera and Gustavo Rossi and Esteban Robles Luna and Francisco Montero and Martin Gaedke"
}%doi = "http://dx.doi.org/10.1016/j.infsof.2014.01.011",
%url = "http://www.sciencedirect.com/science/article/pii/S0950584914000226",

@article{Magdaleno15,
  author    = {Andr{\'{e}}a Magalh{\~{a}}es Magdaleno and
               M{\'{a}}rcio de Oliveira Barros and
               Cl{\'{a}}udia Maria Lima Werner and
               Renata Mendes de Araujo and
               Carlos Freud Alves Batista},
  title     = {Collaboration optimization in software process composition},
  journal   = {Journal of Systems and Software},
  volume    = {103},
  pages     = {452--466},
  year      = {2015}
}

@article{Capilla17,
  author    = {Rafael Capilla and
               Elisa Yumi Nakagawa and
               Uwe Zdun and
               Carlos Carrillo},
  title     = {Toward Architecture Knowledge Sustainability: Extending System Longevity},
  journal   = {{IEEE} Software},
  volume    = {34},
  number    = {2},
  pages     = {108--111},
  year      = {2017}
}

@inproceedings{Nakagawa15,
  author    = {Elisa Yumi Nakagawa and
               Fl{\'{a}}vio Oquendo and
               Paris Avgeriou and
               Carlos E. Cuesta and
               Khalil Drira and
               Jos{\'{e}} Carlos Maldonado and
               Andrea Zisman},
  title     = {Foreword: Towards Reference Architectures for Systems-of-Systems},
  booktitle = {3rd {IEEE/ACM} International Workshop on Software Engineering for
               Systems-of-Systems, SESoS 2015, Florence, Italy, May 17, 2015},
  pages     = {1--4},
  year      = {2015}
}

@INPROCEEDINGS{Santos16a, 
author={R. Santos and C. Werner and L. Tostes and T. Lima and G. Barbosa}, 
booktitle={2016 XLII Latin American Computing Conference (CLEI)}, 
title={Supporting negotiation and socialization for component markets in software ecosystems context}, 
year={2016}, 
pages={1-12}
}

@article{LIMA16,
title = "The importance of socio-technical resources for software ecosystems management",
journal = "Journal of Innovation in Digital Ecosystems",
volume = "3",
number = "2",
pages = "98 - 113",
year = "2016",
author = "Thaiana Lima and Rodrigo Pereira dos Santos and Jonice Oliveira and Cláudia Werner"
}

@INPROCEEDINGS{Jeronimo15, 
author={H. {Jeronimo Jr.} and C. Werner}, 
booktitle={IX Workshop de Desenvolvimento Distribuído de Software, Ecossistemas de Software e Sistemas de Sistemas (WDES)/ VI Congresso Brasileiro de Software: Teoria e Prática, Brazil, Belo Horizonte, september}, 
title={A Systematic Mapping on the Relations between Systems-of-Systems and Software Ecosystems}, 
year={2015}, 
pages={65-72}
}

@INPROCEEDINGS{MFernandez15, 
author={S. Martinez-Fernandez and P. S. Medeiros Dos Santos and C. P. Ayala and X. Franch and G. H. Travassos}, 
booktitle={2015 ACM/IEEE International Symposium on Empirical Software Engineering and Measurement (ESEM)}, 
title={Aggregating Empirical Evidence about the Benefits and Drawbacks of Software Reference Architectures}, 
year={2015}, 
pages={1-10}, 
month={Oct}
}

@article{Castelluccia14,
 author = {Castelluccia, Daniela and Boffoli, Nicola},
 title = {Service-oriented Product Lines: A Systematic Mapping Study},
 journal = {SIGSOFT Softw. Eng. Notes},
 issue_date = {March 2014},
 volume = {39},
 number = {2},
 month = mar,
 year = {2014},
 pages = {1--6}
}

@inproceedings{Correia16,
  author    = {Tales Prates Correia and  Milena Guessi and  Lucas Bueno Ruas de Oliveira and  Elisa Yumi Nakagawa},
  title     = {RARep: a Reference Architecture Repository},
  booktitle = {The 28th International Conference on Software Engineering and Knowledge
               Engineering, {SEKE} 2016, Redwood City, San Francisco Bay, USA, July
               1-3, 2016.},
  pages     = {363--368},
  year      = {2016}
}

@InCollection{sep-thought-experiment,
	author       =	{James Robert Brown and Yiftach Fehige},
	title        =	{Thought Experiments},
	booktitle    =	{The Stanford Encyclopedia of Philosophy},
	editor       =	{Edward N. Zalta},
	howpublished =	{\url{https://plato.stanford.edu/archives/sum2017/entries/thought-experiment/}},
	year         =	{2017},
	edition      =	{Summer 2017},
	publisher    =	{Metaphysics Research Lab, Stanford University}
}

@MASTERSTHESIS{Yeates04,
    author = {L.B. Yeates},
    title = {Thought Experimentation: A Cognitive Approach},
    publisher = {Graduate Diploma in Arts (By Research) dissertation, University of New South Wales},
    year = {2004},
    url={https://www.dropbox.com/s/nczwi1vkb7x88qd/TECA.pdf?dl=0}
}

@Book{Aigner98,
author={Martin Aigner and G\"unter M. Ziegler},
title={Proofs from THE BOOK},
year={1998},
publisher={Springer-Verlag},
address={Berlin, Heidelberg},
pages={141-146}
}%isbn="3-540-40460-0",\"unter

@Book{Aigner982,
author={Martin Aigner and G. M. Ziegler},
title={Proofs from THE BOOK},
year={1998},
publisher={Springer-Verlag},
address={Berlin, Heidelberg},
pages={141-146}
}%isbn="3-540-40460-0",

@INPROCEEDINGS{Guojie09, 
author={J. Guojie and Y. Baolin}, 
booktitle={2009 International Conference on Computer Engineering and Technology}, 
title={An Encapsulation Structure and Description Specification for Application Level Software Components}, 
year={2009}, 
volume={1}, 
pages={195-199},
month={Jan}
}

@INPROCEEDINGS{Paludo11, 
author={M. Paludo and S. Reinehr and A. Malucelli and L. Bruzon and P. Pinho}, 
booktitle={2011 IEEE International Conference on Information Reuse Integration}, 
title={Applying pattern structures to document and reuse components in component-based software engineering environments}, 
year={2011}, 
pages={378-383}, 
month={Aug}
}

@article{Lucas17,
title = "CollabRDL: A language to coordinate collaborative reuse",
journal = "Journal of Systems and Software",
volume = "131",
number = "",
pages = "505 - 527",
year = "2017",
author = "Edson M. Lucas and Toacy C. Oliveira and Kleinner Farias and Paulo S.C. Alencar"
}



@article{SantosT13,
  author    = {Arilo Claudio Dias Neto and
               Rajesh Subramanyan and
               Marlon Vieira and
               Guilherme Horta Travassos and
               Forrest Shull},
  title     = {Improving Evidence about Software Technologies: {A} Look at Model-Based
               Testing},
  journal   = {{IEEE} Software},
  volume    = {25},
  number    = {3},
  pages     = {10--13},
  year      = {2008}
}


@TECHREPORT{SQuaRE11,
    author = {ISO/IEC},
    title = {Systems and software engineering -- Systems and software Quality Requirements and Evaluation (SQuaRE) -- System and software quality models},
    institution = {International Organization for Standardization - ISO/IEC 25010:2011},
    year = {2011},
    url = {https://www.iso.org/standard/35733.html}
}

@inproceedings{LanoRTS17,
  author    = {Kevin Lano and
               Shekoufeh Kolahdouz Rahimi and
               Sobhan Yassipour Tehrani and
               Mohammadreza Sharbaf},
  title     = {A Survey of Model Transformation Design Pattern Usage},
  booktitle = {Theory and Practice of Model Transformation - 10th International Conference,
               {ICMT} 2017, Held as Part of {STAF} 2017, Marburg, Germany, July 17-18,
               2017},
  pages     = {108--118},
  year      = {2017}
}

@article{LanoR14,
  author    = {Kevin Lano and
               Shekoufeh Kolahdouz Rahimi},
  title     = {Model-Transformation Design Patterns},
  journal   = {{IEEE} Trans. Software Eng.},
  volume    = {40},
  number    = {12},
  pages     = {1224--1259},
  year      = {2014}
}


@INPROCEEDINGS{Mohagheghi07, 
author={P. Mohagheghi and J. Aagedal}, 
booktitle={International Workshop on Modeling in Software Engineering (MISE'07: ICSE Workshop 2007)}, 
title={Evaluating Quality in Model-Driven Engineering}, 
year={2007}, 
pages={6-6},  
month={May}
}


@article{VANGORP2011589,
title = "SHARE: a web portal for creating and sharing executable research papers",
journal = "Procedia Computer Science",
volume = "4",
number = "",
pages = "589 - 597",
year = "2011",
note = "International Conference on Computational Science, ICCS 2011",
issn = "1877-0509",
author = "Pieter Van Gorp and Steffen Mazanek"
}

@article{Ogawa91,
 author = {Rodney T Ogawa and Betty Malen},
 title = {Towards Rigor in Reviews of Multivocal Literatures: Applying the Exploratory Case Study Method},
 journal = {Review of Educational Research},
 year = {1991},
 volume = {61},
 number = {3},
 pages = {265-286}
}


@TECHREPORT{Gartner13,
    author = {Gartner},
    title = {IT Asset Management: It's All About Process.},
    institution = {Gartner, Inc.},
    year = {2013},
		note={Available at: <http://www.gartner.com/imagesrv/media-products/pdf/provance/provance\_issue1.pdf>}
}%url = {http://www.gartner.com/imagesrv/media-products/pdf/provance/provance_issue1.pdf}

@article{Axelsson14,
title = "Characteristics of software ecosystems for Federated Embedded Systems: A case study ",
journal = "Information and Software Technology ",
volume = "56",
number = "11",
pages = "1457-1475",
year = "2014",
note = "Special issue on Software Ecosystems ",
author = "Jakob Axelsson and Efi Papatheocharous and Jesper Andersson"
}%issn = "0950-5849",comdoi = "http://dx.doi.org/10.1016/j.infsof.2014.03.011",



@MISC{OSLCArticlesUrl,
  title = {OSLC Articles - {OSLC} Lifecycle integration inspired by the web},
  year = {2017},
  key = {OSLC},
	note = {Accessed at September 2017},
  url = {http://open-services.net/resources/articles/}
}

@TECHREPORT{OSLCArticles,
    author = {OSLC},
    title = {OSLC Articles - {OSLC} Lifecycle integration inspired by the web},
    institution = {Open Services for Lyfecicle Collaboration},
    year = {2017},
    url = {http://open-services.net/resources/articles/}
}

@MISC{OSLC13Url,
	title = {Open Services for Lifecycle Collaboration Primer Web Page.},
    year = {2017},
		key={OSLC},
		note = {Accessed at September 2017.},
    url = {open-services.net/resources/tutorials/oslc-primer/}
}

@TECHREPORT{OSLC13,
    author = {OSLC},
    title = {OSLC Primer Web Page},
    institution = {Open Services for Lifecycle Collaboration},
    year = {2017},
    url = {open-services.net/resources/tutorials/oslc-primer/}
}

@BOOK{GlobalizationBook15,
	author={Benoit Combemale and Betty H.C. Cheng and Robert B. France and Jean-Marc J{\'e}z{\'e}quel and Bernhard Rumpe},
    title = {Globalizing Domain-Specific Languages},
    year = {2015},
    publisher = {Springer International Publishing}
}%: International Dagstuhl Seminar, Dagstuhl Castle, Germany, October 5-10, 2014, Revised Papers

@article{Axelsson201669,
title = "Quality assurance in software ecosystems: A systematic literature mapping and research agenda ",
journal = "Journal of Systems and Software ",
volume = "114",
number = "",
pages = "69 - 81",
year = "2016",
author = "Jakob Axelsson and Mats Skoglund"
}

@inproceedings{Capuruco10,
 author = {Capuru\c{c}o, Renato A. C. and Capretz, Luiz F.},
 title = {Integrating Recommender Information in Social Ecosystems Decisions},
 booktitle = {Fourth European Conference on Software Architecture: Companion Volume},
 series = {ECSA '10},
 year = {2010},
 location = {Copenhagen, Denmark},
 pages = {143--150}
} 

@article{Manikas20131294,
title = "Software ecosystems - A systematic literature review ",
journal = "Journal of Systems and Software ",
volume = "86",
number = "5",
pages = "1294 - 1306",
year = "2013",
author = "Konstantinos Manikas and Klaus Marius Hansen"
}

@article{Manikas201684,
title = "Revisiting software ecosystems Research: A longitudinal literature study",
journal = "Journal of Systems and Software ",
volume = "117",
number = "",
pages = "84 - 103",
year = "2016",
author = "Konstantinos Manikas"
}


@inproceedings{Mengerink16,
 author = {Josh Mengerink and Ramon R. H. Schiffelers and Alexander Serebrenik and Mark van den Brand},
 title = {DSL/Model Co-Evolution in Industrial EMF-Based MDSE Ecosystems},
 
 series = {ME$@$MODELS},
 year = {2016},
 
 pages = {2-7}
} %booktitle = {Proceedings International Workshop on Workshop on Models and Evolution}, location = {CEUR Workshop Proceedings, Volume 1706},

@inproceedings{Rocco14c,
 author = {Juri Di Rocco and Davide Di Ruscio and Ludovico Iovino and Alfonso Pierantonio},
 title = {Dealing with the Coupled Evolution of Metamodels and Model-to-text Transformations},
 booktitle = {International Workshop on Workshop on Models and Evolution},
 series = {ME$@$MODELS},
 year = {2014},
 location = {CEUR Workshop Proceedings, Volume 1331},
 pages = {22-31}
} 


@inproceedings{Kuhn12,
 author = {Adrian Kuhn and Gail C. Murphy},
 title = {Lessons Learned from Evaluating MDE Abstractions in an Industry Case Study},
 booktitle = {International Workshop on Model-Driven Engineering for Component-Based Software Systems},
 series = {CoRR abs/1209.5800},
 year = {2012}
} 


@ARTICLE{Allier15, 
author={S. Allier and O. Barais and B. Baudry and J. Bourcier and E. Daubert and F. Fleurey and M. Monperrus and Song Hui and  M. Tricoire}, 
journal={Software, IEEE}, 
title={Multitier Diversification in Web-Based Software Applications}, 
year={2015}, 
volume={32}, 
number={1}, 
pages={83-90}, 
month={Jan}
}

@Article{Whittle15,
author="Jon Whittle and John Hutchinson and Mark Rouncefield and Burden H{\aa}kan and Heldal Rogardt",
title="A taxonomy of tool-related issues affecting the adoption of model-driven engineering",
journal="Software \& Systems Modeling",
year="2015",
pages="1--19",
issn="1619-1374",
comdoi="10.1007/s10270-015-0487-8"
}

@article{StrittmatterH16,
  author    = {Misha Strittmatter and
               Robert Heinrich},
  title     = {Challenges in evolving Metamodels},
  journal   = {Softwaretechnik-Trends},
  volume    = {36},
  number    = {1},
  year      = {2016}
}

@ARTICLE{Zakheim17,
author={Betty Zakheim},
journal={InfoQ},
title={How Difficult Can It Be to Integrate Software Development Tools? The Hard Truth},
year={2017},
month={January},
url={https://www.infoq.com/articles/tool-integration-hard-truth}
}



@BOOK{Wohlin12,
	author={C. Wohlin and P. Runeson and M. H\"ost and M.C. Ohlsson and B. Regnell and A. Wessl\'en},
    title = {Experimentation in Software Engineering},
    year = {2012},
    publisher = {Springer}
}


@TECHREPORT{Chastek02,
    author = {G. Chastek and J.D. McGregor},
    title = {Guidelines for Developing a Product Line Production Plan},
    institution = {Technical Report CMU/SEI-2002-TR-006, Pittsburgh, PA, Software Engineering Institute, Carnegie Mellon University},
    year = {2002}
}

@ARTICLE{McGregor08,
author={J. D. McGregor},
journal={Journal of Object Technology},
title={Agile software product lines, deconstructed},
year={2008},
month={November},
volume={7},
number={8},
pages={7-19}
}



@article{MachadoMCA14,
  author    = {Ivan do Carmo Machado and
               John D. McGregor and
               Yguarat{\~{a}} Cerqueira Cavalcanti and
               Eduardo Santana de Almeida},
  title     = {On strategies for testing software product lines: {A} systematic literature
               review},
  journal   = {Information {\&} Software Technology},
  volume    = {56},
  number    = {10},
  pages     = {1183--1199},
  year      = {2014}
}


@article{ValeCANCM16,
  author    = {Tassio Vale and
               Ivica Crnkovic and
               Eduardo Santana de Almeida and
               Paulo Anselmo da Mota Silveira Neto and
               Yguarat{\~{a}} Cerqueira Cavalcanti and
               Silvio Romero de Lemos Meira},
  title     = {Twenty-eight years of component-based software engineering},
  journal   = {Journal of Systems and Software},
  volume    = {111},
  pages     = {128--148},
  year      = {2016}
}

@Inbook{Ostermann2011,
author="Ostermann, Klaus
and Giarrusso, Paolo G.
and K{\"a}stner, Christian
and Rendel, Tillmann",
editor="Mezini, Mira",
title="Revisiting Information Hiding: Reflections on Classical and Nonclassical Modularity",
bookTitle="ECOOP 2011 -- Object-Oriented Programming: 25th European Conference, Lancaster, Uk, July 25-29, 2011",
year="2011",
publisher="Springer Berlin Heidelberg",
address="Berlin, Heidelberg",
pages="155--178"
}


@TECHREPORT{McGregor01,
    author = {J. McGregor},
    title = {Testing a Software Product Line},
    institution = {Software Engineering Institute, Carnegie Mellon University, Pittsburgh, Pennsylvania, Technical Report CMU/SEI-2001-TR-022},
    year = {2001}
}

@Inbook{Reuys2005,
author="Reuys, Andreas
and Kamsties, Erik
and Pohl, Klaus
and Reis, Sacha",
editor="Pastor, Oscar
and Falc{\~a}o e Cunha, Jo{\~a}o",
title="Model-Based System Testing of Software Product Families ",
bookTitle="Advanced Information Systems Engineering: 17th International Conference, CAiSE 2005, Porto, Portugal, June 13-17, 2005.",
year="2005",
publisher="Springer Berlin Heidelberg",
pages="519--534"
}



@article{GorpG12,
  author    = {Pieter Van Gorp and Paul W. P. J. Grefen},
  title     = {Supporting the internet-based evaluation of research software with cloud infrastructure},
  journal   = {Software and System Modeling},
  volume    = {11},
  number    = {1},
  pages     = {11--28},
  year      = {2012}
}

@BOOK{Combemale15b,
	author={Benoit Combemale and Betty H.C. Cheng and Robert B. France and Jean-Marc J\'ez\'equel and Bernhard Rumpe},
    title = {Globalizing Domain-Specific Languages. International Dagstuhl Seminar, Dagstuhl Castle, Germany, October 5-10, 2014, Revised Papers},
    year = {2015},
    publisher = {Springer International Publishing}
}

@Article{Bouncken2015,
author="Bouncken, Ricarda B.
and Gast, Johanna
and Kraus, Sascha
and Bogers, Marcel",
title="Coopetition: a systematic review, synthesis, and future research directions",
journal="Review of Managerial Science",
year="2015",
month="Jul",
day="01",
volume="9",
number="3",
pages="577--601"
}



@inproceedings{Mohagheghi08Book,
  author    = {Parastoo Mohagheghi},
  title     = {Evaluating Software Development Methodologies Based on their Practices
               and Promises},
  booktitle = {New Trends in Software Methodologies, Tools and Techniques},
  pages     = {14--35},
  year      = {2008}
}%- Proceedings of the Seventh SoMeT 2008, October 15-17, 2008, Sharjah, United Arab               Emirates


@Inbook{Mohagheghi2008,
author="Mohagheghi, Parastoo
and Dehlen, Vegard",
editor="Schieferdecker, Ina
and Hartman, Alan",
title="Where Is the Proof? - A Review of Experiences from Applying MDE in Industry",
bookTitle="Model Driven Architecture -- Foundations and Applications: 4th European Conference, ECMDA-FA 2008, Berlin, Germany, June 9-13, 2008.",
year="2008",
publisher="Springer Berlin Heidelberg",
address="Berlin, Heidelberg",
pages="432--443"
}




@PHDTHESIS{Hebig2014Thesis,
    month = {June},
    title = {Evolution of Model-Driven Engineering Settings in Practice},
		school    = {University of Potsdam},
    author = {Regina Hebig},
    publisher = {Published online at the Institutional Repository of the University of Potsdam},
    year = {2014},
    url = {http://opus.kobv.de/ubp/volltexte/2014/7076/}
}


@PHDTHESIS{Yie2011Thesis,
    month = {February},
    title = {A Non-Invasive Approach for Evolving Model Transformation Chains},
		school    = {Universidad de los Andes},
    author = {Andr\'es Estefan Yie Garz\'on},
    publisher = {Universidad de los Andes, Facultad de Ingenier\'ia, Departamento de Ingenier\'ia de Sistemas y Computaci\'on},
    year = {2011}
}
%		isbn = {978-958-695-664-2}

@inproceedings{Motta2017,
 author = {Rebeca Campos Motta and K\'{a}thia Mar\c{c}al {de Oliveira} and Guilherme Horta Travassos},
 title = {Rethinking Interoperability in Contemporary Software Systems},
 booktitle = {Joint 5th International Workshop on Software Engineering for Systems-of-Systems and 11th Workshop on Distributed Software Development, Software Ecosystems and Systems-of-Systems},
 series = {JSOS '17},
 year = {2017},
 location = {Buenos Aires, Argentina},
 pages = {9--15}
} 


@Article{Runeson2008,
author="Per Runeson and Martin H{\"o}st",
title="Guidelines for conducting and reporting case study research in software engineering",
journal="Empirical Software Engineering",
year="2008",
volume="14",
number="2",
pages="131"
}


@inproceedings{Struber201689,
author={D. Struber and S. Schulz},
title={A tool environment for managing families of model transformation rules},
booktitle ={9th International Conference on Graph Transformation, ICGT 2016 in Memory of Hartmut Ehrig held as part of Conference on Software Technologies: Applications and Foundations, STAF 2016; Vienna; Austria; 5 July 2016 through 6 July 2016},
year={2016},
volume={9761},
pages={89-101}
}

@inproceedings{Rocco16,
  author    = {Juri Di Rocco and
               Davide Di Ruscio and
               Alfonso Pierantonio and
               Jes{\'{u}}s S{\'{a}}nchez Cuadrado and
               Juan de Lara and
               Esther Guerra},
  title     = {Using {ATL} Transformation Services in the MDEForge Collaborative
               Modeling Platform},
  booktitle = {Theory and Practice of Model Transformations - 9th International Conference,
               {ICMT} 2016, Held as Part of {STAF} 2016, Vienna, Austria, July 4-5,
               2016},
  pages     = {70--78},
  year      = {2016}
}

@Inbook{Becker2007,
author={J{\"o}rg Becker and Christian Janiesch and Daniel Pfeiffer},
chapter={Reuse Mechanisms in Situational Method Engineering},
title={Situational Method Engineering: Fundamentals and Experiences: IFIP WG 8.1 Working Conference, 12--14 September 2007, Geneva, Switzerland},
year={2007},
publisher={Springer US},
address={Boston, MA},
pages={79-93},
isbn={978-0-387-73947-2},
comdoi={10.1007/978-0-387-73947-2_8}
}

@article{Maciel13,
  author    = {Rita Suzana Pitangueira Maciel and
               Ramon Ara{\'{u}}jo Gomes and
               Ana Patr{\'{\i}}cia Fontes Magalh{\~{a}}es and
               Bruno Carreiro da Silva and
               Jo{\~{a}}o Pedro B. Queiroz},
  title     = {Supporting model-driven development using a process-centered software
               engineering environment},
  journal   = {Autom. Softw. Eng.},
  volume    = {20},
  number    = {3},
  pages     = {427--461},
  year      = {2013}
}


@INPROCEEDINGS{Zhang15,
  author    = {Weiqing Zhang},
  title     = {Tool Integration by Models, Not Only by Metamodels - Applying Modeling
               to Tool Integration},
  booktitle = {Model-Driven Engineering and Software Development, {MODELSWARD}},
  pages     = {461-469},
  year      = {2015}
}%ESEO, Angers,       Loire Valley, France, 9-11 February, 2015.



@inproceedings{Jouault10,
  author    = {Fr{\'{e}}d{\'{e}}ric Jouault and
               Bert Vanhooff and
               Hugo Bruneli{\`{e}}re and
               Guillaume Doux and
               Yolande Berbers and
               Jean B{\'{e}}zivin},
  title     = {Inter-DSL coordination support by combining megamodeling and model
               weaving},
  booktitle = {SAC'10},
  pages     = {2011--2018},
  year      = {2010}
}


@article{Badampudi2016105,
title = "Software component decision-making: In-house, OSS, \{COTS\} or outsourcing - A systematic literature review ",
journal = "Journal of Systems and Software ",
volume = "121",
number = "",
pages = "105 - 124",
year = "2016",
author = "Deepika Badampudi and Claes Wohlin and Kai Petersen"
}


@BOOK{Pandit96,
	author={N. R. Pandit},
    title = {The creation of theory: A recent application of the grounded theory method},
    year = {1996},
    publisher = {The qualitative report, 2(4), 1-14.}
}

@inproceedings{Santos:2012,
 author = {Rodrigo Pereira {dos Santos} and Claudia Werner},
 title = {ReuseECOS: An Approach to Support Global Software Development Through Software Ecosystems},
 series = {ICGSEW},
 year = {2012},
 pages = {60-65},
 numpages = {6},
 publisher = {IEEE},
 address = {Washington, USA}
}


@Article{Syriani15,
author="Eugene Syriani and Hans Vangheluwe and Brian LaShomb",
title="T-Core: a framework for custom-built model transformation engines",
journal="Software {\&} Systems Modeling",
year="2015",
volume="14",
number="3",
pages="1215-1243"
}

@inproceedings{Hermerschmidt15,
 author = {Lars Hermerschmidt and Katrin H\"olldobler and Bernhard Rumpe and Andreas Wortmann},
 title = {Generating Domain-Specific Transformation Languages for Component \& Connector Architecture Descriptions},
 booktitle = {Workshop on Model-Driven Engineering for Component-Based Software Systems},
 series = {(ModComp)'2015},
 year = {2013},
 pages = {18-23}
} % location = {CEUR Workshop Proceedings, Volume 1463, Ottawa, Canada, 2015. },


@inproceedings{DiRuscio2012,
 author = {Davide {Di Ruscio} and Ivano Malavolta and Henry Muccini and Patrizio Pelliccione and Alfonso Pierantonio},
 title = {Model-Driven Techniques to Enhance Architectural Languages Interoperability},
 booktitle = {Fundamental Approaches to Software Engineering},
 series = {FASE'12},
 year = {2012},
 pages = {26-42}
} % location = {Tallinn, Estonia, March 24 - April 1},


@article{RahimW15,
  author    = {Lukman Ab. Rahim and  Jon Whittle},
  title     = {A survey of approaches for verifying model transformations},
  journal   = {Software \& System Modeling},
  volume    = {14},
  number    = {2},
  pages     = {1003-1028},
  year      = {2015}
}


@inproceedings{Teixeir13,
  author    = {Maria das Gra{\c{c}}as da Silva Teixeira and
               Ricardo de Almeida Falbo and
               Giancarlo Guizzardi},
  title     = {Can Ontologies Systematically Help in the Design of Domain-Specific
               Visual Languages?},
  booktitle = {On the Move to Meaningful Internet Systems},
  pages     = {737-754},
  year      = {2013}
}%: {OTM} 2013 Conferences               - Confederated International Conferences: CoopIS, DOA-Trusted Cloud,               and {ODBASE} 2013, Graz, Austria, September 9-13, 2013. Proceedings

@article{Nardi15,
  author    = {Julio Cesar Nardi and
               Ricardo de Almeida Falbo and
               Jo{\~{a}}o Paulo A. Almeida and
               Giancarlo Guizzardi and
               Lu{\'{\i}}s Ferreira Pires and
               Marten van Sinderen and
               Nicola Guarino and
               Claudenir Morais Fonseca},
  title     = {A commitment-based reference ontology for services},
  journal   = {Inf. Syst.},
  volume    = {54},
  pages     = {263-288},
  year      = {2015}
}%  comurl       = {http://dx.doi.org/10.1016/j.is.2015.01.012},  comdoi       = {10.1016/j.is.2015.01.012},  timestamp = {Fri, 13 Nov 2015 15:30:32 +0100},  biburl    = {http://dblp.uni-trier.de/rec/bib/journals/is/NardiFAGPSGF15},  bibsource = {dblp computer science bibliography, http://dblp.org}

@inproceedings{CostaJM13,
  author    = {Val{\'{e}}ria Oliveira Costa and
               Jo{\~{a}}o M. B. Oliveira Junior and
               Leonardo Gresta Paulino Murta},
  title     = {Semantic Conflicts Detection in Model-driven Engineering},
  booktitle = {International Conference on Software Engineering and Knowledge, 2013.},
  pages     = {656-661},
  year      = {2013}
}%               Engineering, Boston, MA, USA, June 27-29

@inproceedings{Izquierdo13,
 author = {Javier Luis C\'{a}novas Izquierdo and Jordi Cabot},
 title = {Discovering Implicit Schemas in JSON Data},
 booktitle = {13th International Conference on Web Engineering},
 series = {ICWE'13},
 year = {2013},
 location = {Aalborg, Denmark},
 pages = {68--83}
} 



@inproceedings{ReschenhoferM15,
  author    = {Thomas Reschenhofer and
               Florian Matthes},
  title     = {An Empirical Study on Spreadsheet Shortcomings from an Information
               Systems Perspective},
  booktitle = {Business Information Systems - 18th International Conference, {BIS}
               2015, Pozna{\'{n}}, Poland, June 24-26, 2015},
  pages     = {50--61},
  year      = {2015}
}

@inproceedings{Neubauer15,
 author = {Patrick Neubauer and Alexander Bergmayr and Tanja Mayerhofer and Javier Troya and Manuel v},
 title = {XMLText: From XML Schema to Xtext},
 booktitle = {2015 ACM SIGPLAN International Conference on Software Language Engineering},
 series = {SLE 2015},
 year = {2015},
 location = {Pittsburgh, PA, USA},
 pages = {71-76},
 numpages = {6}
} 


@article{Cunha16,
title = "Evaluating refactorings for spreadsheet models ",
journal = "Journal of Systems and Software ",
volume = "118",
number = "",
pages = "234 - 250",
year = "2016",
author = "J\'acome Cunha and Jo\~ao Paulo Fernandes and Pedro Martins and Jorge Mendes and Rui Pereira and Jo\~ao Saraiva"
}


@inproceedings{CuadradoGL15,
  author    = {Jes{\'{u}}s S{\'{a}}nchez Cuadrado and Esther Guerra and Juan de Lara},
  title     = {Reusable Model Transformation Components with bent{\={o}}},
  booktitle = {International Conference on Theory and Practice of Model Transformations, {ICMT} 2015},
  pages     = {59--65},
  year      = {2015}
}%, Held as Part of {STAF} 2015, L'Aquila, Italy, July 20-21,               2015. Proceedings   crossref  = {DBLP:conf/icmt/2015},  comurl       = {http://dx.doi.org/10.1007/978-3-319-21155-8_5},   comdoi       = {10.1007/978-3-319-21155-8_5},  timestamp = {Thu, 23 Jul 2015 16:03:47 +0200},  biburl    = {http://dblp.uni-trier.de/rec/bib/conf/icmt/CuadradoGL15},  bibsource = {dblp computer science bibliography, http://dblp.org}


@article{Rodriguesda15,
title = "Model-driven engineering: A survey supported by the unified conceptual model ",
journal = "Computer Languages, Systems \& Structures ",
volume = "43",
number = "",
pages = "139 - 155",
year = "2015",
issn = "1477-8424",
author = "Alberto Rodrigues da Silva"
}


@BOOK{Klaus10,
	author={Klaus Krippendorff},
    title = {"Combinatorial Explosion". Web Dictionary of Cybernetics and Systems.},
    year = {2010},
    publisher = {PRINCIPIA CYBERNETICA WEB. Retrieved 29 November}
}



@article {hiradas06,
	title = {Automatic generation of platform-specific transformation},
	journal = {Info-Communications-Technology},
	volume = {LXI},
	number = {7},
	year = {2006},
	pages = {40-45},
	author = {{\'A}kos Horv{\'a}th and D{\'a}niel Varr{\'o} and Gergely Varr{\'o}}
}


@article{RodriguesdaSilva2015,
title = "Model-driven engineering: A survey supported by the unified conceptual model ",
journal = "Computer Languages, Systems \& Structures ",
volume = "43",
number = "",
pages = "139-155",
year = "2015",
author = "Alberto Rodrigues {da Silva}"
}


@article{Angel201890,
title = "Automated modelling assistance by integrating heterogeneous information sources ",
journal = "Computer Languages, Systems \& Structures ",
volume = "53",
number = "",
pages = "90 - 120",
year = "2018",
issn = "1477-8424",
author = "Mora Segura \'Angel and Juan de Lara and Patrick Neubauer and Manuel Wimmer"
}



@article{Basso14Notices,
    author = {F\'abio P. Basso and Raquel Mainardi Pillat and Toacy Cavalcante Oliveira and Leandro Buss Becker},
    title = {Newsletter - Supporting Large Scale Model Transformation Reuse},
    journal = {ACM SIGPLAN Notices},
    issue_date = {March, 2014},
    volume = {49},
    number = {3},
    year = {2014},
    pages = {169-178},
    doi = {10.1145/2637365.2517218},
    publisher = {ACM New York, NY, USA}
}%    issn = {978-1-4503-2373-4},


@INPROCEEDINGS{Basso14ICEISb,
author={F\'abio Paulo Basso and Raquel M. Pillat and Rafael Z. Frantz and Fabricia Rooz-Frantz},
booktitle={16th International Conference on Enterprise Information Systems.},
title={Assisted Tasks to Generate Pre-prototypes for Web Information Systems},
series = {ICEIS'14},
year={2014},
pages={14--25}
}%pages={1--10} (ICEIS). Lisbon, Portugal, April 27-30 2014. (To appear)


@Article{Basso15IJWET,
author={F\'abio Paulo Basso and Raquel Mainardi Pillat and Fabricia Roos-Frantz and Rafael Z. Frantz},
title={Combining MDE and Scrum on the Rapid Prototyping of Web Information Systems},
journal = {International Journal of Web Engineering and Technology},
volume = {10},
number = {3},
year={2015},
pages = {214-244}
}

@Article{Basso16JSS,
title = "Automated design of multi-layered web information systems ",
journal = "Journal of Systems and Software ",
volume = "117",
number = "",
pages = "612 - 637",
year = "2016",
note = "",
issn = "0164-1212",
author = "F\'abio Paulo Basso and Raquel Mainardi Pillat and Toacy Cavalcante Oliveira and Fabricia Roos-Frantz and Rafael Z. Frantz"
}
@article{DEVRIEZE2011637,
title = "Building enterprise mashups",
journal = "Future Generation Computer Systems",
volume = "27",
number = "5",
pages = "637 - 642",
year = "2011",
issn = "0167-739X",
doi = "https://doi.org/10.1016/j.future.2010.10.004",
url = "http://www.sciencedirect.com/science/article/pii/S0167739X10001974",
author = "Paul de Vrieze and Lai Xu and Athman Bouguettaya and Jian Yang and Jinjun Chen",
keywords = "Mashup, Process-oriented mashup, Process-oriented service composition, Web 2.0."
}

@ARTICLE{Basso17c,
   author = {F\'abio Paulo Basso and Toacy Cavalcante Oliveira and Cl\'audia M.L. Werner and Leandro Buss Becker},
   title = {Building the foundations for ‘MDE as Service’},
   journal = {IET Software},
   issue = {4},   
   volume = {11},
   year = {2017},
   month = {August},
   pages = {195-206}   
}

@article{antonelli2015model,
  title={A model-driven development for creating accessible web menus},
  author={Antonelli, Humberto Lidio and da Silva, Elias Adriano N and Fortes, Renata Pontin M},
  journal={Procedia Computer Science},
  volume={67},
  pages={95--104},
  year={2015},
  publisher={Elsevier}
}

@article{diaz2010generating,
  title={Generating blogs out of product catalogues: An MDE approach},
  author={D{\'\i}az, Oscar and Villoria, Felipe M},
  journal={Journal of Systems and Software},
  volume={83},
  number={10},
  pages={1970--1982},
  year={2010},
  publisher={Elsevier}
}

@article{chavarriaga2017approach,
  title={An approach to build XML-based domain specific languages solutions for client-side web applications},
  author={Chavarriaga, Enrique and Jurado, Francisco and D{\'\i}ez, Fernando},
  journal={Computer Languages, Systems \& Structures},
  volume={49},
  pages={133--151},
  year={2017},
  publisher={Elsevier}
}

@article{chavarriaga2009model,
  title={A model-driven approach to building modern Semantic Web-Based User Interfaces},
  author={Chavarriaga, Enrique and Mac{\'\i}as, Jos{\'e} A},
  journal={Advances in Engineering Software},
  volume={40},
  number={12},
  pages={1329--1334},
  year={2009},
  publisher={Elsevier}
}

@article{mesbah2008component,
  title={A component-and push-based architectural style for ajax applications},
  author={Mesbah, Ali and Van Deursen, Arie},
  journal={Journal of Systems and Software},
  volume={81},
  number={12},
  pages={2194--2209},
  year={2008},
  publisher={Elsevier}
}


@MISC{Kitchenham07,
    author = {B. Kitchenham and S Charters},
    title = {Guidelines for performing Systematic Literature Reviews in Software Engineering},
    year = {2007}
}


@article{RIVERO2014670,
title = "Mockup-Driven Development: Providing agile support for Model-Driven Web Engineering",
journal = "Information and Software Technology",
volume = "56",
number = "6",
pages = "670 - 687",
year = "2014",
author = "José Matías Rivero and Julián Grigera and Gustavo Rossi and Esteban Robles Luna and Francisco Montero and Martin Gaedke"
}

@article{ZDUN2010733,
title = "A DSL toolkit for deferring architectural decisions in DSL-based software design",
journal = "Information and Software Technology",
volume = "52",
number = "7",
pages = "733 - 748",
year = "2010",
author = "Uwe Zdun"
}



@article{ACHILLEOS2010281,
title = "Context modelling and a context-aware framework for pervasive service creation: A model-driven approach",
journal = "Pervasive and Mobile Computing",
volume = "6",
number = "2",
pages = "281 - 296",
year = "2010",
author = "Achilleas Achilleos and Kun Yang and Nektarios Georgalas"
}

@article{GARRIGOS2010991,
title = "Specification of personalization in web application design",
journal = "Information and Software Technology",
volume = "52",
number = "9",
pages = "991 - 1010",
year = "2010",
author = "Irene Garrigós and Jaime Gomez and Geert-Jan Houben"
}

@article{MIJAILOVIC2014757,
title = "Empirical analysis of GUI programming concerns",
journal = "International Journal of Human-Computer Studies",
volume = "72",
number = "10",
pages = "757 - 771",
year = "2014",
author = "Žarko Mijailović and Dragan Milićev",
}

@article{ZUEHLKE200731,
title = "MODEL-BASED DEVELOPMENT OF USER INTERFACES A NEW PARADIGM IN USEWARE ENGINEERING",
journal = "IFAC Proceedings Volumes",
volume = "40",
number = "16",
pages = "31 - 38",
year = "2007",
author = "Detlef Zuehlke"
}

@Article{Rivero2017,
author="Rivero, Jos{\'e} Mat{\'i}as
and Grigera, Juli{\'a}n
and Distante, Damiano
and Montero, Francisco
and Rossi, Gustavo",
title="DataMock: An Agile Approach for Building Data Models from User Interface Mockups",
journal="Software {\&} Systems Modeling",
year="2017",
month="Feb",
day="14"
}

@article{SEISSLER2010477,
title = "Using HCI Patterns within the Model-Based Development of Run-Time Adaptive User Interfaces",
journal = "IFAC Proceedings Volumes",
volume = "43",
number = "13",
pages = "477 - 482",
year = "2010",
author = "Marc Seissler and Gerrit Meixner and Kai Breiner",
}

@article{VANRYSEGHEM201434,
title = "Seamless composition and reuse of customizable user interfaces with Spec",
journal = "Science of Computer Programming",
volume = "96",
pages = "34 - 51",
year = "2014",
author = "Benjamin Van Ryseghem and Stéphane Ducasse and Johan Fabry"
}

@article{SANTOS201717,
title = "Design annotations to improve API discoverability",
journal = "Journal of Systems and Software",
volume = "126",
pages = "17 - 33",
year = "2017",
author = "André L. Santos and Brad A. Myers"
}


@article{WETTINGER2016317,
title = "Streamlining DevOps automation for Cloud applications using TOSCA as standardized metamodel",
journal = "Future Generation Computer Systems",
volume = "56",
pages = "317 - 332",
year = "2016",
author = "Johannes Wettinger and Uwe Breitenbücher and Oliver Kopp and Frank Leymann"
}



@article{ZERNADJI2016463,
title = "Integrating quality requirements in engineering web service orchestrations",
journal = "Journal of Systems and Software",
volume = "122",
pages = "463 - 483",
year = "2016",
author = "Tarek Zernadji and Chouki Tibermacine and Foudil Cherif and Amina Zouioueche"
}

@article{OLIVEIRA201886,
title = "BRCode: An interpretive model-driven engineering approach for enterprise applications",
journal = "Computers in Industry",
volume = "96",
pages = "86 - 97",
year = "2018",
author = "Anderson Oliveira and Vinicius Bischoff and Lucian José Gonçales and Kleinner Farias and Matheus Segalotto"
}

@InProceedings{Rivero10,
author="Jos{\'e} Mat{\'i}as Rivero and Gustavo Rossi and Juli{\'a}n Grigera and Juan Burella and Esteban Robles Luna and Silvia Gordillo",
title="From Mockups to User Interface Models: An Extensible Model Driven Approach",
booktitle="Current Trends in Web Engineering",
year="2010",
pages="13--24"
}

@article{FILIPOVIC2017245,
title = "Application of Kroki Mockup Tool to Implementation of Executable CERIF Specification",
journal = "Procedia Computer Science",
volume = "106",
pages = "245 - 252",
year = "2017",
author = "Milorad Filipović and Renata Vaderna and Željko Ivković and Sebastijan Kaplar and Željko Vuković and Igor Dejanović and Gordana Milosavljević and Dragan Ivanović"
}

@inproceedings{Basso17b,
  author    = {Fabio Paulo Basso and  Cl{\'{a}}udia Maria Lima Werner and       Toacy Cavalcante de Oliveira},
  title     = {Revisiting Criteria for Description of {MDE} Artifacts},
  booktitle = {2017 {IEEE/ACM} Joint 5th International Workshop on Software Engineering for Systems-of-Systems and 11th Workshop on Distributed Software Development, Software Ecosystems and Systems-of-Systems, JSOS\@ICSE, Buenos Aires, Argentina, May 23, 2017},
  pages     = {27--33},
  year      = {2017}
}